,2019-09-30,2019-06-30,2019-03-31,2018-12-31,2018-09-30,2018-06-30,2018-03-31,2017-12-31,2017-09-30,2017-06-30,2017-03-31,2016-12-31,2016-09-30,2016-06-30,2016-03-31,2015-12-31,2015-09-30,2015-06-30,2015-03-31,2014-12-31,2014-09-30,2014-06-30,2014-03-31,2013-12-31,2013-09-30,2013-06-30,2013-03-31,2012-12-31,2012-09-30,2012-06-30,2012-03-31,2011-12-31,2011-09-30,2011-06-30,2011-03-31,2010-12-31,2010-09-30,2010-06-30,2010-03-31,2009-12-31,2009-09-30,2009-06-30,2009-03-31,2008-12-31,2008-09-30,2008-06-30,2008-03-31,2007-12-31,2007-09-30,2007-06-30,2007-03-31,2006-12-31,2006-09-30,2006-06-30,2006-03-31,2005-12-31,2005-09-30,2005-06-30,2005-03-31
revenue,29.697,30.418,24.723,26.956,26.787,30.548,21.264,29.388,27.184,33.462,23.386,28.726,25.789,26.581,22.283,30.894,23.681,22.904,15.52,23.2546,22.0554,26.2747,34.0103,21.2512,17.7544,20.8284,15.247,22.6065,14.7666,19.6248,14.3607,18.4443,18.4558,16.1409,11.7377,14.7215,13.8692,14.4998,12.4661,10.6189,10.7928,9.5237,9.2003,8.9658,9.205,9.0602,8.5488,9.6268,7.9654,7.0996,6.138,5.889,6.2007,7.798,6.953,5.466,10.0579,7.0194,7.2913
cost-goods-sold,5.951,6.836,7.311,7.001,8.282,8.152,7.845,8.716,6.25,6.315,6.083,7.539,4.998,6.065,5.425,6.289,5.176,5.275,4.313,5.5113,5.7248,5.3329,4.361,6.2349,5.3776,6.3113,4.8412,7.2699,7.221,8.0842,6.4135,7.1284,7.3949,6.6558,5.6046,6.7027,6.1085,5.8918,5.1237,3.613,3.5514,3.2942,3.2117,2.8229,3.505,3.6445,3.2161,3.226,3.1383,3.0238,2.4929,3.0541,2.125,2.8909,3.0478,2.2662,3.7668,2.1172,2.994
gross-profit,23.746,23.582,17.412,19.955,18.505,22.396,13.419,20.672,20.934,27.147,17.303,21.187,20.791,20.516,16.858,24.605,18.505,17.629,11.207,17.7434,16.3306,20.9418,29.6493,15.0162,12.3769,14.517,10.4058,15.3366,7.5456,11.5405,7.9472,11.3158,11.0609,9.485,6.1331,8.0188,7.7607,8.608,7.3424,7.0059,7.2414,6.2295,5.9887,6.1429,5.7,5.4157,5.3327,6.4009,4.8271,4.0758,3.6451,2.8348,4.0756,4.9071,3.9051,3.1999,6.2911,4.9022,4.2973
research-development-expenses,4.158,4.165,4.258,4.064,4.232,4.733,5.161,4.266,5.842,4.449,4.23,2.959,2.822,2.792,2.159,3.016,2.061,1.812,2.098,1.9833,1.9999,1.8732,2.2877,2.03,1.618,1.8291,1.5829,1.3397,1.2171,1.2982,1.5331,1.5308,1.5314,1.5742,1.5327,1.3877,1.7746,1.8367,1.8756,1.3188,2.3821,2.2862,2.1943,2.4445,1.8016,1.6446,1.5083,1.3954,1.1258,0.9961,0.8473,0.5045,0.9053,1.1299,1.0768,1.0928,0.9785,1.4602,1.1992
selling-general-administrative-expenses,,,,,,,,,,,,,,,,,,,,,,,,,,,,,,,,,,,,,,,,,,,,,,,,,,,,,,,,,,,
operating-expenses,17.648,18.503,19.241,17.194,18.214,19.302,29.096,19.66,16.915,15.736,15.38,15.986,12.1,13.112,11.574,13.828,10.546,10.475,10.016,11.1671,11.7692,11.072,10.1397,10.8204,9.9882,11.4299,10.2356,14.815,12.0399,13.4909,11.2976,13.5285,13.6385,12.4633,11.181,12.2433,11.7916,12.6958,11.2883,9.0156,8.7765,8.3159,8.441,7.7172,7.8735,8.1693,7.793,7.506,6.0851,5.7359,4.9153,5.0184,4.4837,5.9974,5.9136,4.6077,6.1386,5.0525,5.4852
operating-income,12.049,11.915,5.482,9.762,8.573,11.246,-7.832,9.728,10.269,17.726,8.006,12.74,13.689,13.469,10.709,17.066,13.135,12.429,5.504,12.0875,10.2862,15.2027,23.8706,10.4308,7.7663,9.3985,5.0114,7.7915,2.7268,6.1339,3.0631,4.9158,4.8174,3.6776,0.5567,2.4782,2.0776,1.804,1.1778,1.6034,2.0163,1.2077,0.7594,1.2486,1.3315,0.8909,0.7558,2.1208,1.8803,1.3636,1.2227,0.8705,1.7169,1.8007,1.0394,0.8583,3.9193,1.9669,1.806
total-non-operating-income-expense,0.482,0.533,0.498,0.551,0.522,0.29,0.095,0.138,0.261,0.016,0.058,0.049,0.093,0.049,0.072,0.038,0.034,0.024,0.024,0.0417,0.0099,0.0059,0.0005,-0.0182,-0.0328,-0.0364,-0.0396,-0.0423,-0.0452,-0.0491,-0.0512,-0.0499,-0.0463,-0.0453,-0.0409,-0.0455,-0.0399,-0.0593,-0.0499,-0.0304,-0.0441,-0.0014,0.0014,0.0207,0.1305,0.1579,0.1894,0.408,0.55,0.5758,0.5668,0.5807,0.5692,0.4898,0.4611,0.4224,0.3325,0.2741,0.2122
pre-tax-income,12.531,12.448,5.98,10.313,9.095,11.536,-7.737,9.866,10.53,17.742,8.064,12.789,13.782,13.518,10.781,17.104,13.169,12.453,5.528,12.1292,10.2962,15.2087,23.871,10.4126,7.7335,9.3621,4.9719,7.7492,2.6816,6.0847,3.0119,4.8659,4.7711,3.6323,0.5158,2.4327,2.0377,1.7448,1.1279,1.5729,1.9722,1.2064,0.7608,1.2694,1.462,1.0488,0.9452,2.5289,2.4303,1.9395,1.7895,1.4512,2.2862,2.2904,1.5004,1.2807,4.2517,2.241,2.0182
total-provision-income-taxes,3.331,3.013,1.473,2.596,1.496,1.444,-1.051,1.799,3.643,6.373,2.571,4.704,4.83,4.903,3.886,6.061,4.789,4.634,2.012,4.3136,4.1254,5.9063,8.8408,3.7577,2.7762,3.4672,1.9039,3.286,1.0363,2.3479,1.0997,1.9828,1.7946,1.3497,0.1913,1.082,0.8535,0.678,0.4136,0.8758,0.4602,0.2506,0.2381,0.1749,0.3578,0.2358,0.3276,0.8555,0.634,0.5746,0.5887,0.4044,0.9615,0.9384,0.6197,0.4584,1.7202,0.9045,0.816
income-after-taxes,,,,,,,,,,,,,,,,,,,,,,,,,,,,,,,,,,,,,,,,,,,,,,,,,,,,,,,,,,,
income-from-continuous-operations,,,,,,,,,,,,,,,,,,,,,,,,,,,,,,,,,,,,,,,,,,,,,,,,,,,,,,,,,,,
net-income,9.2,9.435,4.507,7.717,7.599,10.092,-6.686,8.067,6.887,11.369,5.493,8.085,8.952,8.615,6.895,11.043,8.38,7.819,3.516,7.8156,6.1708,9.3024,15.0303,6.6548,4.9573,5.8949,3.068,4.4632,1.6453,3.7369,1.9121,2.8831,2.9765,2.2826,0.3244,1.3507,1.1843,1.0668,0.7143,0.6971,1.5119,0.9558,0.5227,1.0945,1.1042,0.8129,0.6176,1.6734,1.7962,1.3649,1.2008,1.0468,1.3246,1.3521,0.8807,0.8223,2.5315,1.3365,1.2022
ebitda,13.269,12.69,7.174,10.868,10.086,12.693,-6.359,10.794,11.471,18.734,9.02,13.697,14.565,14.428,11.651,18.041,14.108,13.342,6.418,13.2171,11.4963,16.3703,25.0694,11.6233,9.0749,10.4672,6.2136,8.9523,3.9091,7.3291,4.05,5.9749,5.8198,4.698,1.4771,3.3429,2.8725,2.614,2.0287,1.8992,2.3455,1.5428,1.0928,1.6013,1.6718,1.2657,1.1229,2.4025,2.0696,1.5497,1.3844,0.9608,1.8074,1.9169,1.1264,0.9738,4.0408,2.0806,1.9152
ebit,12.049,11.915,5.482,9.762,8.573,11.246,-7.832,9.728,10.269,17.726,8.006,12.74,13.689,13.469,10.709,17.066,13.135,12.429,5.504,12.0875,10.2862,15.2027,23.8706,10.4308,7.7663,9.3985,5.0114,7.7915,2.7268,6.1339,3.0631,4.9158,4.8174,3.6776,0.5567,2.4782,2.0776,1.804,1.1778,1.6034,2.0163,1.2077,0.7594,1.2486,1.3315,0.8909,0.7558,2.1208,1.8803,1.3636,1.2227,0.8705,1.7169,1.8007,1.0394,0.8584,3.9193,1.9669,1.806
basic-shares-outstanding,14.07,13.916,14.185,14.442,14.237,14.652,14.679,14.575,14.579,14.588,14.576,14.682,14.625,14.679,14.875,14.934,14.967,14.961,14.905,14.678,14.759,14.688,14.461,14.087,13.682,13.511,13.407,13.2607,13.287,13.262,13.163,13.064,12.818,12.725,12.689,12.624,12.633,12.646,12.615,11.387,11.386,11.385,11.367,11.308,11.329,11.327,11.225,11.06,11.153,11.018,10.8785,10.639,10.677,10.601,10.527,10.4109,10.483,10.392,10.269
shares-outstanding,14.387,14.088,14.314,14.689,14.377,14.915,14.679,15.068,15.115,15.044,15.043,15.116,15.077,15.111,15.307,15.321,15.316,15.336,15.33,15.269,15.435,15.493,15.499,14.826,14.959,14.579,14.3571,14.3446,14.459,14.444,14.09,13.748,13.766,13.74,13.745,13.647,13.623,13.642,13.628,11.562,11.576,11.548,11.497,11.461,11.486,11.516,11.613,11.454,11.569,11.377,11.2183,11.155,11.13,10.955,11.218,11.4282,11.481,11.538,11.265
eps-basic-net-earnings-per-share,0.65,0.68,0.32,0.54,0.53,0.69,-0.46,0.55,0.47,0.78,0.38,0.56,0.61,0.59,0.46,0.74,0.56,0.52,0.24,0.52,0.42,0.63,1.04,0.43,0.36,0.44,0.23,0.34,0.12,0.28,0.15,0.21,0.23,0.18,0.03,0.11,0.09,0.08,0.06,0.06,0.13,0.08,0.05,0.1,0.1,0.07,0.05,0.16,0.16,0.12,0.11,0.1,0.12,0.13,0.08,0.08,0.24,0.13,0.12
eps-earnings-per-share-diluted,0.64,0.67,0.31,0.52,0.53,0.68,-0.46,0.52,0.46,0.76,0.37,0.54,0.59,0.57,0.45,0.72,0.55,0.51,0.23,0.54,0.4,0.6,0.97,0.45,0.33,0.4,0.21,0.31,0.11,0.26,0.14,0.21,0.22,0.17,0.02,0.1,0.09,0.08,0.05,0.06,0.13,0.08,0.05,0.1,0.1,0.07,0.05,0.14,0.16,0.12,0.11,0.09,0.12,0.12,0.08,0.07,0.22,0.12,0.11
