,2019-09-30,2019-06-30,2019-03-31,2018-12-31,2018-09-30,2018-06-30,2018-03-31,2017-12-31,2017-09-30,2017-06-30,2017-03-31,2016-12-31,2016-09-30,2016-06-30,2016-03-31,2015-12-31,2015-09-30,2015-06-30,2015-03-31,2014-12-31,2014-09-30,2014-06-30,2014-03-31,2013-12-31,2013-09-30,2013-06-30,2013-03-31,2012-12-31,2012-09-30,2012-06-30,2012-03-31,2011-12-31,2011-09-30,2011-06-30,2011-03-31,2010-12-31,2010-09-30,2010-06-30,2010-03-31,2009-12-31,2009-09-30,2009-06-30,2009-03-31,2008-12-31,2008-09-30,2008-06-30,2008-03-31,2007-12-31,2007-09-30,2007-06-30,2007-03-31,2006-12-31,2006-09-30,2006-06-30,2006-03-31,2005-12-31,2005-09-30,2005-06-30,2005-03-31
revenue,233.59,238.263,218.378,242.443,202.307,212.82,202.064,222.554,190.117,197.154,186.567,204.094,184.792,193.433,181.201,191.017,169.184,181.027,177.94,195.003,174.961,188.15,181.941,203.442,179.255,192.993,187.014,201.244,181.885,189.695,194.316,185.5771,172.814,183.236,183.45,184.077,172.195,181.086,176.365,190.633,175.475,164.569,164.062,179.246,179.409,192.755,190.773,189.568,164.448,169.258,171.014,169.892,154.981,163.473,158.466,153.2,149.97,158.276,155.859
cost-goods-sold,103.479,107.073,96.94,109.788,91.68,96.549,92.507,98.597,87.57,92.502,86.682,97.135,83.583,91.011,83.461,88.641,75.638,87.529,85.658,90.97,78.547,87.122,79.359,92.047,83.831,90.077,84.332,93.957,83.972,89.963,93.405,89.125,81.503,91.781,87.734,93.154,83.212,87.403,84.57,94.601,87.839,87.257,87.71,90.207,84.721,91.865,93.009,93.886,82.09,83.398,85.789,87.451,80.25,85.699,80.566,78.732,74.016,76.152,75.384
gross-profit,130.111,131.19,121.438,132.655,110.627,116.271,109.557,123.957,102.547,104.652,99.885,106.959,101.209,102.422,97.74,102.376,93.546,93.498,92.282,104.033,96.414,101.028,102.582,111.395,95.424,102.916,102.682,107.287,97.913,99.732,100.911,96.4521,91.311,91.455,95.716,90.923,88.983,93.683,91.795,96.032,87.636,77.312,76.352,89.039,94.688,100.89,97.764,95.682,82.358,85.86,85.225,82.441,74.731,77.774,77.9,74.468,75.954,82.124,80.475
research-development-expenses,10.985,11.806,10.575,10.37,14.122,9.985,7.711,8.378,8.27,8.041,7.618,7.634,8.353,8.009,8.258,6.741,6.652,7.501,6.542,7.105,6.91,6.854,6.91,6.438,7.108,6.591,5.694,6.85,7.077,7.192,7.095,7.152,7.021,6.797,7.681,8.13,7.399,6.441,7.682,8.247,7.705,7.396,8.489,7.673,8.668,8.689,8.078,7.417,7.936,7.453,7.594,8.13,7.262,7.498,7.825,6.836,6.409,6.375,5.849
selling-general-administrative-expenses,98.187,100.726,99.226,96.462,84.983,89.604,84.568,92.403,80.807,83.828,94.761,86.719,79.009,86.729,85.943,82.668,72.056,73.581,74.786,79.839,87.055,78.234,78.364,101.703,73.476,77.174,77.725,79.892,74.064,73.707,74.806,70.325,68.35,67.862,70.078,68.326,66.091,71.494,70.552,72.83,67.48,64.147,61.853,66.474,67.768,69.549,68.646,65.023,57.506,58.207,59.805,62.116,56.219,58.123,58.374,57.945,52.649,53.559,52.532
other-operating-income-expenses,,,,,,,,,,,,,,,,,,,,,,,,,-6.035,-3.499,-3.393,-3.529,-2.658,-1.775,-1.988,-0.3,,-0.098,-0.694,-0.915,-0.291,-0.97,,-4.069,-7.449,-0.734,1.336,-0.868,-0.709,,,-1.295,,-1.312,5.414,-0.993,-2.066,-1.584,-0.57,-1.864,-0.779,-2.576,-1.9
operating-expenses,212.651,219.605,206.741,216.6199,190.785,196.138,184.786,199.3781,176.647,184.371,189.061,191.488,170.945,185.749,177.662,178.05,154.346,168.611,166.986,177.914,172.512,172.21,164.633,187.261,170.45,177.341,171.144,184.228,167.771,172.637,177.294,227.2039,156.874,166.538,166.187,170.525,156.993,166.308,162.804,179.747,170.473,159.534,156.716,165.2221,161.866,170.103,169.733,167.621,147.532,150.37,147.774,205.379,145.797,152.904,147.335,145.377,133.853,138.662,135.665
operating-income,20.939,18.658,11.637,25.823,11.522,16.682,17.278,23.176,13.47,12.783,-2.494,12.6061,13.847,7.684,3.539,12.967,14.838,12.416,10.954,17.089,2.449,15.94,17.308,16.181,8.805,15.652,15.87,17.016,14.114,17.058,17.022,-41.6269,15.94,16.698,17.263,13.552,15.202,14.778,13.561,10.886,5.002,5.035,7.346,14.0239,17.543,22.652,21.04,21.947,16.916,18.888,23.24,-35.4871,9.184,10.569,11.131,7.823,16.117,19.614,20.194
total-non-operating-income-expense,-11.495,-12.16,-13.594,-5.529,-5.214,-5.091,-4.818,-4.88,-4.806,-4.398,-4.119,-3.911,-3.861,-3.757,-6.772,-1.578,-1.504,-1.489,-1.46,-1.539,-1.54,-1.571,-1.461,-1.482,-1.382,-1.383,-1.629,-1.397,-1.345,-1.551,-1.437,-2.059,-2.801,-2.82,-2.899,-2.921,-2.808,-2.906,-2.801,-2.824,-3.06,-2.78,-1.45,-1.524,-3.687,-3.661,-4.376,-8.146,-3.861,-4.329,-4.516,-4.617,-4.962,-5.353,-4.866,-4.214,-4.034,-3.571,-3.759
pre-tax-income,9.444,6.498,-1.957,20.294,6.308,11.591,12.46,18.296,8.664,8.385,-6.613,8.695,9.986,3.927,-3.233,11.389,13.334,10.927,9.494,15.55,0.909,14.369,15.847,14.699,7.423,14.269,14.241,15.619,12.769,15.507,15.585,-43.686,13.139,13.878,14.364,10.631,12.394,11.872,10.76,8.062,1.942,2.255,5.896,12.5,13.856,18.991,16.664,13.801,13.055,14.559,18.724,-40.104,4.222,5.216,6.265,3.609,12.083,16.043,16.435
total-provision-income-taxes,2.474,0.803,-2.978,4.641,0.483,2.872,1.803,-28.4,1.467,2.246,-2.068,1.987,2.649,1.043,-0.968,3.537,4.461,3.466,3.182,4.211,-1.063,4.114,7.221,4.472,1.736,4.736,3.749,4.722,3.449,5.211,5.617,-18.552,4.928,5.198,5.369,3.668,3.636,4.566,3.441,3.107,0.654,0.846,1.411,4.183,4.121,7.306,6.412,4.879,4.7,5.214,6.802,-16.511,0.89,1.802,1.925,0.802,4.169,5.535,5.67
income-after-taxes,,,,,,,,,,,,,,,,,,,,,,,,,,,,,,,,,,,,,,,,,,,,,,,,,,,,,,,,,,,
income-from-continuous-operations,,,,,,,,,,,,,,,,,,,,,,,,,,,,,,,,,,,,,,,,,,,,,,,,,,,,,,,,,,,
net-income,6.97,5.695,1.021,15.653,5.825,8.719,10.657,46.696,7.197,6.139,-4.545,6.708,7.337,2.884,-2.265,7.852,8.873,7.461,6.312,11.339,1.972,10.255,8.626,10.227,5.687,9.533,10.492,10.897,9.32,10.296,9.968,-25.134,8.211,8.68,8.995,6.963,8.758,7.306,7.319,4.955,1.288,1.409,4.485,8.317,9.735,11.685,10.252,8.922,8.355,9.345,11.922,-23.593,3.332,3.414,4.34,2.807,7.914,10.508,10.765
ebitda,42.757,39.618,30.494,41.416,27.234,31.929,32.529,38.662,28.332,27.059,11.43,26.7051,27.766,21.717,16.797,24.538,26.065,23.327,21.124,28.803,14.165,27.376,28.176,28.507,20.53,27.739,27.599,28.862,25.82,28.31,28.834,29.5602,26.695,27.405,27.603,24.265,25.715,25.077,23.843,22.102,15.63,15.023,16.797,23.6689,27.104,31.574,30.071,34.586,25.029,26.656,30.872,18.7579,16.809,17.911,18.459,15.685,23.759,27.435,27.655
ebit,20.939,18.658,11.637,25.823,11.522,16.682,17.278,23.176,13.47,12.783,-2.494,12.606,13.847,7.684,3.539,12.967,14.838,12.416,10.954,17.089,2.449,15.94,17.308,16.181,8.805,15.652,15.87,17.016,14.114,17.058,17.022,-41.6269,15.94,16.698,17.263,13.552,15.202,14.778,13.561,10.886,5.002,5.035,7.346,14.0239,17.543,22.652,21.04,21.947,16.916,18.888,23.24,-35.487,9.184,10.569,11.131,7.823,16.117,19.614,20.194
basic-shares-outstanding,28.353,28.276,28.173,28.118,28.124,28.075,28.008,27.939,27.924,27.891,27.867,27.804,27.818,27.776,27.721,27.653,27.701,27.62,27.573,27.401,27.454,27.257,27.349,27.722,27.518,27.591,28.127,28.301,28.438,28.327,28.029,28.246,28.348,28.448,28.261,28.715,28.425,29.1,29.165,29.074,29.093,29.056,29.03,28.796,28.864,28.662,28.625,28.416,28.572,28.18,27.987,27.966,27.888,28.061,28.082,29.3,29.47,29.494,29.127
shares-outstanding,29.792,29.337,29.034,28.89,29.088,28.846,28.573,28.171,28.183,28.139,27.867,27.964,27.951,27.941,27.721,27.858,27.898,27.857,27.82,27.769,27.688,27.753,27.854,28.114,27.834,27.983,28.5,28.653,28.721,28.672,28.484,28.633,28.546,28.883,28.701,28.911,28.521,29.295,29.409,29.142,29.183,29.082,29.061,29.227,29.415,29.063,29.006,28.965,29.101,28.831,28.559,27.966,28.134,28.266,28.358,29.736,29.951,30.06,29.721
eps-basic-net-earnings-per-share,0.25,0.2,0.04,0.55,0.21,0.31,0.38,1.67,0.26,0.22,-0.16,0.25,0.26,0.1,-0.08,0.28,0.32,0.27,0.23,0.4,0.07,0.38,0.32,0.37,0.21,0.35,0.37,0.38,0.33,0.36,0.36,-0.89,0.29,0.31,0.32,0.25,0.31,0.25,0.25,0.18,0.04,0.05,0.15,0.28,0.34,0.41,0.36,0.31,0.29,0.33,0.43,-0.84,0.12,0.12,0.15,0.09,0.27,0.36,0.37
eps-earnings-per-share-diluted,0.23,0.19,0.04,0.54,0.2,0.3,0.37,1.65,0.26,0.22,-0.16,0.24,0.26,0.1,-0.08,0.27,0.32,0.27,0.23,0.41,0.07,0.37,0.31,0.37,0.2,0.34,0.37,0.38,0.32,0.36,0.35,-0.87,0.29,0.3,0.31,0.24,0.31,0.25,0.25,0.18,0.04,0.05,0.15,0.29,0.33,0.4,0.35,0.3,0.29,0.32,0.42,-0.84,0.12,0.12,0.15,0.11,0.26,0.35,0.36
