,2019-09-30,2019-06-30,2019-03-31,2018-12-31,2018-09-30,2018-06-30,2018-03-31,2017-12-31,2017-09-30,2017-06-30,2017-03-31,2016-12-31,2016-09-30,2016-06-30,2016-03-31,2015-12-31,2015-09-30,2015-06-30,2015-03-31,2014-12-31,2014-09-30,2014-06-30,2014-03-31,2013-12-31,2013-09-30,2013-06-30,2013-03-31,2012-12-31,2012-09-30,2012-06-30,2012-03-31,2011-12-31,2011-09-30,2011-06-30,2011-03-31,2010-12-31,2010-09-30,2010-06-30,2010-03-31,2009-12-31,2009-09-30,2009-06-30,2009-03-31,2008-12-31,2008-09-30,2008-06-30,2008-03-31,2007-12-31,2007-09-30,2007-06-30,2007-03-31,2006-12-31,2006-09-30,2006-06-30,2006-03-31
revenue,311.8,243.2,190.6,270.8,173.6,220.2,117.8,193.836,149.434,100.772,116.858,151.681,142.914,91.241,102.964,141.208,158.378,126.112,63.633,102.303,137.954,110.325,53.884,98.107,89.102,82.436,43.1,94.606,66.592,70.379,50.311,107.948,58.762,88.141,18.533,103.247,73.986,62.138,46.8,53.804,43.272,73.191,64.519,35.75,56.599,43.485,42.72,89.637,43.644,23.186,26.448,86.889,42.174,11.446,12.223
cost-goods-sold,108.0,100.8,91.8,113.4,69.3,85.3,54.3,62.251,44.503,34.624,46.322,33.274,39.56,29.465,24.001,26.232,35.24,27.266,18.748,16.036,32.423,34.507,18.997,19.421,20.063,16.945,5.698,15.15,10.23,13.186,7.511,14.328,10.706,16.069,1.068,16.998,11.532,11.076,7.508,11.782,8.684,10.428,15.368,6.87,10.519,8.682,8.01,17.544,11.407,5.842,5.516,12.48,7.275,1.509,2.861
gross-profit,203.8,142.4,98.8,157.4001,104.3,134.9,63.5,131.585,104.931,66.148,70.536,118.407,103.354,61.776,78.963,114.976,123.138,98.846,44.885,86.267,105.531,75.818,34.887,78.686,69.039,65.491,37.402,79.456,56.362,57.193,42.8,93.62,48.056,72.072,17.465,86.249,62.454,51.062,39.292,42.022,34.588,62.763,49.151,28.88,46.08,34.803,34.71,72.093,32.237,17.344,20.932,74.409,34.899,9.937,9.362
research-development-expenses,53.4,63.9,46.1,52.0,37.0,24.7,29.1,28.514,22.659,25.751,20.476,25.726,27.188,27.893,26.093,5.364,34.179,40.941,38.702,-7.143,44.207,37.401,30.256,29.994,28.937,30.278,30.724,35.945,27.39,30.645,26.246,29.376,29.216,31.481,34.759,29.615,21.156,18.602,19.922,19.226,18.772,20.68,15.91,14.162,16.627,17.206,11.475,12.269,12.777,13.342,15.57,16.261,13.544,6.701,8.995
selling-general-administrative-expenses,,,,,,,,,,,,,,,,,,,,,,,,,,,,,,,,,,,,,,,,,,,,,,,,,,,,,,,
operating-expenses,241.1,250.2,217.8,259.6,152.3,153.4,127.3,140.744,101.665,92.243,101.948,100.774,107.436,93.283,81.807,55.995,95.219,104.66,91.943,26.551,106.922,102.463,79.342,74.814,70.955,67.724,56.45,70.571,56.775,61.726,62.849,61.958,57.354,67.934,54.039,68.284,53.381,47.327,43.622,49.679,47.223,50.481,47.253,34.894,41.261,40.927,31.545,46.478,39.222,31.843,32.279,42.99,32.453,17.64,21.621
operating-income,70.7,-7.0,-27.2,11.2001,21.3,66.8,-9.5,53.092,47.769,8.529,14.91,50.907,35.478,-2.042,21.157,85.213,63.159,21.452,-28.31,75.752,31.032,7.862,-25.458,23.293,18.147,14.712,-13.35,24.035,9.817,8.653,-12.538,45.99,1.408,20.207,-35.506,34.963,20.605,14.811,3.178,4.125,-3.951,22.71,17.266,0.856,15.338,2.558,11.175,43.159,4.422,-8.657,-5.831,43.899,9.721,-6.194,-9.398
total-non-operating-income-expense,-11.8,-8.1,-10.6,-7.6,0.2,-1.0,0.1,-1.172,-1.455,-1.808,-1.265,-1.805,-1.925,-1.267,-1.303,-1.455,-1.012,-1.852,-1.479,-0.312,-1.331,-0.368,-2.983,0.365,0.146,0.025,0.029,0.247,0.039,0.936,0.876,-0.228,0.059,-0.021,0.034,0.019,-0.965,0.38,0.375,0.372,0.428,0.289,0.272,0.309,0.477,0.65,0.65,0.839,0.451,0.579,1.025,0.069,-0.3,0.178,0.04
pre-tax-income,58.9,-15.1,-37.8,3.6,21.5,65.8,-9.4,51.92,46.314,6.721,13.645,49.102,33.553,-3.309,19.854,83.758,62.147,19.6,-29.789,75.44,29.701,7.494,-28.441,23.658,18.293,14.737,-13.321,24.282,9.856,9.589,-11.662,45.762,1.467,20.186,-35.472,34.982,19.64,15.191,3.553,4.497,-3.523,22.999,17.538,1.165,15.815,3.208,11.825,43.998,4.873,-8.078,-4.806,43.968,9.421,-6.016,-9.358
total-provision-income-taxes,15.7,-5.6,-11.8,7.0,0.6,15.7,-4.5,17.972,12.763,2.105,3.16,16.837,13.165,-1.267,7.965,27.01,20.059,5.5,-8.269,27.799,7.869,2.465,-8.205,8.441,4.802,4.381,-4.516,9.283,4.236,4.043,-3.64,18.862,1.604,7.663,-12.299,11.094,7.696,5.757,1.635,0.836,-2.984,9.748,7.366,0.004,5.857,1.393,4.801,16.256,2.028,-3.117,-2.116,17.839,5.067,-2.962,-4.722
income-after-taxes,,,,,,,,,,,,,,,,,,,,,,,,,,,,,,,,,,,,,,,,,,,,,,,,,,,,,,,
income-from-continuous-operations,43.2,-9.5,-26.0,-3.4,20.9,50.1,-4.9,33.948,33.551,4.616,10.485,32.265,20.388,-2.042,11.889,56.748,42.088,14.1,-21.52,47.641,21.832,5.029,-20.236,15.217,13.491,10.356,-8.805,14.999,5.62,5.546,-8.022,26.9,-0.137,12.523,-23.173,23.888,11.944,9.434,1.918,3.661,-0.539,13.251,10.172,1.161,9.958,1.815,7.024,27.742,2.845,-4.961,-2.69,26.129,4.354,-3.054,-4.636
income-from-discontinued-operations,,,,,,,,,,,,5.151,0.952,-8.905,-7.898,-23.401,-5.145,,,,,,,,,,,,,,,,,,,,,,,,,,,,,,,,,,,,,,
net-income,43.2,-9.5,-26.0,-3.4,20.9,50.1,-4.9,33.948,33.551,4.616,10.485,37.416,21.34,-10.947,3.991,33.347,36.943,14.1,-21.52,30.116,21.832,5.029,-20.236,15.222,13.491,10.484,-8.062,16.104,6.617,7.632,-6.829,28.657,1.549,14.21,-21.397,26.247,13.12,9.808,2.523,4.234,0.949,14.842,11.119,1.457,10.386,1.815,7.024,27.742,2.845,-4.961,-2.69,26.129,4.354,-3.054,-4.636
ebitda,99.1,22.3,0.1,36.3001,33.7,79.1,2.9,65.793,57.571,18.46,25.076,60.952,45.863,6.888,29.997,94.689,71.72,30.218,-19.778,83.919,40.024,16.321,-18.623,28.704,23.322,18.921,-9.187,27.553,12.587,11.189,-10.165,48.419,3.82,22.486,-33.271,36.933,21.979,16.161,4.474,5.447,-2.781,23.955,18.528,2.273,16.623,3.739,12.256,44.379,5.687,-7.523,-4.633,45.344,10.984,-5.16,-8.43
ebit,70.7,-7.0,-27.2,11.2001,21.3,66.8,-9.5,53.092,47.769,8.529,14.91,50.907,35.478,-2.042,21.157,85.213,63.159,21.452,-28.31,75.752,31.032,7.862,-25.458,23.293,18.147,14.712,-13.35,24.035,9.817,8.653,-12.538,45.99,1.408,20.207,-35.506,34.963,20.605,14.811,3.178,4.125,-3.951,22.71,17.266,0.856,15.338,2.558,11.175,43.159,4.422,-8.657,-5.831,43.899,9.721,-6.194,-9.398
basic-shares-outstanding,51.6,51.5,51.2,50.1,50.1,49.9,49.6,41.8,41.223,41.014,40.7278,40.2,40.4654,40.203,39.543,38.595,38.831,38.481,37.949,37.345,37.507,37.417,36.854,36.201,36.273,36.144,35.968,36.08,36.203,36.183,36.046,35.659,35.85,35.62,35.179,31.782,31.3018,31.097,30.88,30.444,30.507,30.27,30.184,29.835,29.819,29.764,29.75,28.996,29.74,28.599,27.864,23.04,22.39,22.372,22.349
shares-outstanding,52.3,51.5,51.2,51.4,51.5,51.2,49.6,50.3,50.468,50.079,49.7184,49.3,49.4403,40.203,48.36,47.256,47.785,47.41,37.949,45.803,46.557,38.333,36.854,36.748,37.016,36.527,35.968,36.421,36.67,36.557,36.046,36.206,36.448,36.667,35.179,32.54,32.1133,31.9,31.433,31.375,31.535,30.95,31.454,30.458,30.591,30.045,29.82,29.663,29.901,28.599,27.864,24.567,23.705,22.372,22.349
eps-basic-net-earnings-per-share,0.84,-0.18,-0.51,-0.07,0.42,1.0,-0.1,0.8,0.81,0.11,0.26,0.94,0.52,-0.27,0.1,0.89,0.94,0.37,-0.57,0.82,0.58,0.13,-0.55,0.42,0.37,0.29,-0.22,0.45,0.18,0.21,-0.19,0.82,0.04,0.4,-0.61,0.81,0.42,0.32,0.08,0.13,0.03,0.49,0.37,0.04,0.35,0.06,0.24,0.96,0.1,-0.17,-0.1,1.15,0.19,-0.14,-0.21
eps-earnings-per-share-diluted,0.83,-0.18,-0.51,-0.07,0.41,0.98,-0.1,0.69,0.68,0.11,0.23,0.85,0.45,-0.27,0.1,0.87,0.79,0.32,-0.57,0.81,0.49,0.13,-0.55,0.42,0.36,0.29,-0.22,0.45,0.18,0.21,-0.19,0.82,0.04,0.39,-0.61,0.79,0.41,0.31,0.08,0.13,0.03,0.48,0.35,0.04,0.34,0.06,0.24,0.94,0.1,-0.17,-0.1,1.1,0.18,-0.14,-0.21
