,2019-09-30,2019-06-30,2019-03-31,2018-12-31,2018-09-30,2018-06-30,2018-03-31,2017-12-31,2017-09-30,2017-06-30,2017-03-31,2016-12-31,2016-09-30,2016-06-30,2016-03-31,2015-12-31,2015-09-30,2015-06-30,2015-03-31,2014-12-31,2014-09-30,2014-06-30,2014-03-31,2013-12-31,2013-09-30,2013-06-30,2013-03-31,2012-12-31,2012-09-30,2012-06-30,2012-03-31,2011-12-31,2011-09-30,2011-06-30,2011-03-31,2010-12-31,2010-09-30,2010-06-30,2010-03-31,2009-12-31,2009-09-30,2009-06-30,2009-03-31,2008-12-31,2008-09-30,2008-06-30,2008-03-31,2007-12-31,2007-09-30,2007-06-30,2007-03-31,2006-12-31,2006-09-30,2006-06-30,2006-03-31,2005-12-31,2005-09-30,2005-06-30,2005-03-31
revenue,16241.0,16245.0,16107.0,14168.0,14206.0,14259.0,14279.0,13189.0,13282.0,13534.0,13762.0,12878.0,13694.0,14007.0,13800.0,13361.0,13363.0,13732.0,13833.0,12328.0,12238.0,12222.0,11712.0,10187.0,10319.0,10321.0,10486.0,9557.0,9651.0,9699.0,10219.0,9056.0,9301.0,9284.0,9191.0,8275.607,8350.812,8589.243,8380.338,7415.632,7716.819,7898.889,7711.661,7487.636,7148.17,7350.862,6959.704,6338.794,6319.584,6426.797,6204.813,5655.219,5649.784,5407.169,4704.365,3663.08,3821.461,3546.361,3387.225
cost-goods-sold,13357.0,13318.0,13493.0,11433.0,11243.0,11536.0,11670.0,10639.0,10642.0,10889.0,11326.0,11201.0,10900.0,11509.0,11397.0,11116.0,10896.0,11252.0,11005.0,9749.0,9666.0,9627.0,9124.0,8203.0,8075.0,8091.0,8195.0,7516.0,7467.0,7652.0,8350.0,7062.0,7147.0,7269.0,7345.0,6789.259,6641.264,6869.096,6817.382,6035.793,6111.351,6367.545,6269.31,6041.103,5810.613,6038.482,5818.034,4912.252,4953.862,5190.418,5214.0,4541.774,4616.002,4479.501,3783.926,2914.831,3094.397,2888.509,2753.733
gross-profit,,,,,,,,,,,,,,,,,,,,,,,,,,,,,,,,,,,,,,,,,,,,,,,,,,,,,,,,,,,
selling-general-administrative-expenses,,,,,,,,,,,,,,,,,,,,,,,,,,,,,,,,,,,,,,,,,1047.773,1004.342,1063.803,1098.943,979.223,916.041,950.445,1000.376,829.023,826.459,820.61,817.0381,729.722,733.863,740.886,609.519,616.126,490.919,479.04
other-operating-income-expenses,-1889.0,-1703.0,-1660.0,-2115.0,-1900.0,-1761.0,-1749.0,-1873.0,-1688.0,-1453.0,-1553.0,-2001.0,-1739.0,-1699.0,-1734.0,-1845.0,-1688.0,-1817.0,-1945.0,-2121.0,-1898.0,-1835.0,-1785.0,-1908.0,-1540.0,-1461.0,-1446.0,-1655.0,-1408.0,-1384.0,-1383.0,-1585.0,-1361.0,-1193.0,-1256.0,-1223.055,-1002.398,-1093.69,-1060.857,,,,,,,,,,,,,,,,,,,,
operating-expenses,15373.0,15130.0,15260.0,13651.0,13245.0,13397.0,13519.0,12623.0,12424.0,12434.0,12024.0,13316.0,12745.0,13324.0,13253.0,13072.0,12668.0,13159.0,13043.0,11957.0,11649.0,11541.0,10991.0,10201.0,9698.0,9632.0,9721.0,9248.0,8950.0,9109.0,9803.0,8716.0,8575.0,8530.0,8667.0,8075.356,7702.379,8027.167,7937.098,6990.297,7221.212,7432.365,7391.127,7199.856,6845.962,7007.981,6819.437,5960.863,5825.135,6071.141,6074.674,5398.232,5383.401,5249.96,4559.718,3558.077,3744.642,3411.191,3262.022
operating-income,868.0,1115.0,847.0,517.0,961.0,862.0,760.0,566.0,858.0,1100.0,1738.0,-438.0,949.0,683.0,547.0,289.0,695.0,573.0,790.0,371.0,589.0,681.0,721.0,-14.0,621.0,689.0,765.0,309.0,701.0,590.0,416.0,340.0,726.0,754.0,524.0,200.251,648.4326,562.0762,443.2402,425.335,495.6069,466.5244,320.5342,287.7798,302.208,342.8809,140.2671,377.9312,494.4492,355.6558,130.1392,256.9863,266.3833,157.209,144.6475,105.0024,76.8191,135.1702,125.2031
total-non-operating-income-expense,20.0,114.0,-101.0,-81.0,-60.0,-843.0,-53.0,-76.0,-59.0,-58.0,-49.0,-48.0,-47.0,-47.0,-47.0,-43.0,-47.0,220.0,-46.0,-84.0,-38.0,-35.0,-35.0,-35.0,-35.0,-35.0,-35.0,-27.0,-26.0,-26.0,-26.0,-27.0,-27.0,-28.0,-27.0,-26.321,-26.143,-26.222,-26.314,-26.395,-26.259,-26.574,-26.772,-26.735,-19.348,-17.867,-16.339,-18.947,-15.947,-16.066,-17.918,-15.806,-17.009,-16.887,-13.439,-10.329,-10.141,-10.322,-8.523
pre-tax-income,888.0,1229.0,746.0,436.0,901.0,19.0,707.0,490.0,799.0,1042.0,1689.0,-486.0,902.0,636.0,500.0,246.0,648.0,793.0,744.0,287.0,551.0,646.0,686.0,-49.0,586.0,654.0,730.0,282.0,675.0,564.0,390.0,313.0,699.0,726.0,497.0,173.93,622.29,535.854,416.926,398.94,469.348,439.95,293.762,261.046,282.86,325.014,123.928,358.987,478.502,339.59,112.221,241.181,249.374,140.322,131.208,94.674,66.678,124.848,116.68
total-provision-income-taxes,200.0,301.0,183.0,83.0,266.0,-174.0,216.0,306.0,300.0,392.0,574.0,-85.0,452.0,325.0,246.0,145.0,334.0,362.0,314.0,142.0,261.0,302.0,318.0,-19.0,218.0,234.0,257.0,90.0,249.0,208.0,142.0,114.0,254.0,266.0,182.0,66.995,229.069,195.778,158.158,147.956,167.829,158.17,88.045,86.966,99.852,115.118,43.758,115.768,176.124,122.744,40.98,86.16,90.176,50.833,47.493,32.898,19.871,43.436,9.945
income-after-taxes,,,,,,,,,,,,,,,,,,,,,,,,,,,,,,,,,,,,,,,,,,,,,,,,,,,,,,,,,,,
income-from-continuous-operations,,,,,,,,,,,,,,,,,,,,,,,,,,,,,,,,,,,,,,,,,,,,,,,,,,,,,,,,,,,
net-income,689.0,940.0,566.0,355.0,644.0,193.0,491.0,184.0,499.0,650.0,1115.0,-401.0,450.0,311.0,254.0,101.0,314.0,431.0,430.0,145.0,290.0,344.0,368.0,-30.0,368.0,420.0,473.0,192.0,426.0,356.0,248.0,199.0,445.0,460.0,315.0,106.935,393.221,340.076,258.768,250.984,301.519,281.78,205.717,174.08,183.008,209.896,80.17,243.219,302.378,216.846,71.241,155.021,159.198,89.489,83.715,61.776,46.807,81.412,106.735
ebitda,1027.0,1255.0,983.0,651.0,1092.0,992.0,899.0,694.0,978.0,1219.0,1856.0,-321.0,1066.0,799.0,662.0,401.0,802.0,687.0,904.0,495.0,701.0,787.0,828.0,100.0,727.0,793.0,867.0,409.0,779.0,672.0,494.0,418.0,800.0,829.0,600.0,266.648,712.9896,631.3662,505.9962,494.7549,557.6949,527.0024,378.5482,347.5878,358.334,396.3389,191.2251,426.1652,536.6992,409.9198,170.2032,296.4053,304.0603,193.805,179.5535,138.7294,110.9381,166.9332,154.4521
ebit,868.0,1115.0,847.0,517.0,961.0,862.0,760.0,566.0,858.0,1100.0,1738.0,-438.0,949.0,683.0,547.0,289.0,695.0,573.0,790.0,371.0,589.0,681.0,721.0,-14.0,621.0,689.0,765.0,309.0,701.0,590.0,416.0,340.0,726.0,754.0,524.0,200.251,648.4326,562.0762,443.2402,425.3345,495.6069,466.5244,320.5342,287.7808,302.208,342.8809,140.2671,377.9316,494.4492,355.6558,130.1392,256.9868,266.3833,157.209,144.6475,105.0029,76.8191,135.1702,125.2031
basic-shares-outstanding,133.321,135.063,135.383,137.486,137.709,137.763,137.903,144.493,144.215,144.6,147.824,149.375,149.417,149.386,149.161,149.455,148.889,149.473,150.49,154.187,154.502,155.423,155.091,157.503,157.187,157.975,158.917,161.484,160.639,162.816,163.717,165.413,164.121,167.021,167.271,167.782,167.574,168.472,168.2,167.364,167.404,167.301,167.043,167.172,166.647,167.146,168.19,166.871,167.188,166.614,165.813,164.137,164.387,163.706,163.116,161.714,162.048,161.492,160.911
shares-outstanding,134.025,135.579,135.962,138.403,138.678,138.576,138.83,145.585,145.36,145.634,148.872,150.917,150.904,150.806,150.896,151.142,150.466,151.148,152.349,155.874,156.23,157.046,156.647,159.151,158.907,159.521,160.403,163.457,162.418,164.639,166.088,167.827,166.58,169.56,169.534,169.798,169.582,170.229,170.08,169.071,169.246,168.669,168.658,169.187,168.578,168.997,170.602,169.82,170.051,169.596,168.956,167.996,168.376,167.536,167.325,165.56,166.076,165.149,164.496
eps-basic-net-earnings-per-share,5.16,6.96,4.18,2.6,4.68,1.4,3.56,1.45,3.46,4.49,7.54,-2.68,3.01,2.08,1.7,0.69,2.11,2.88,2.86,0.98,1.87,2.22,2.37,-0.16,2.34,2.66,2.97,1.21,2.65,2.19,1.51,1.23,2.71,2.76,1.88,0.64,2.35,2.02,1.54,1.5,1.8,1.68,1.23,1.03,1.1,1.26,0.48,1.46,1.81,1.3,0.43,0.94,0.97,0.55,0.51,0.38,0.29,0.5,0.66
eps-earnings-per-share-diluted,5.14,6.94,4.16,2.59,4.65,1.39,3.53,1.42,3.44,4.46,7.49,-2.65,2.98,2.06,1.68,0.68,2.09,2.85,2.82,0.97,1.85,2.19,2.35,-0.16,2.31,2.63,2.95,1.2,2.62,2.16,1.49,1.22,2.67,2.71,1.86,0.63,2.32,2.0,1.52,1.48,1.78,1.67,1.22,1.03,1.09,1.24,0.47,1.43,1.78,1.28,0.42,0.92,0.95,0.53,0.5,0.37,0.28,0.49,0.65
