,2019-09-30,2019-06-30,2019-03-31,2018-12-31,2018-09-30,2018-06-30,2018-03-31,2017-12-31,2017-09-30,2017-06-30,2017-03-31,2016-12-31,2016-09-30,2016-06-30,2016-03-31,2015-12-31,2015-09-30,2015-06-30,2015-03-31,2014-12-31,2014-09-30,2014-06-30,2014-03-31,2013-12-31,2013-09-30,2013-06-30,2013-03-31,2012-12-31,2012-09-30,2012-06-30,2012-03-31,2011-12-31,2011-09-30,2011-06-30,2011-03-31,2010-12-31,2010-09-30,2010-06-30,2010-03-31,2009-12-31,2009-09-30,2009-06-30,2009-03-31,2008-12-31,2008-09-30,2008-06-30,2008-03-31,2007-12-31,2007-09-30,2007-06-30,2007-03-31,2006-12-31,2006-09-30,2006-06-30,2006-03-31,2005-12-31,2005-09-30,2005-06-30,2005-03-31
revenue,167.892,163.813,297.214,192.113,145.395,117.747,144.419,167.792,118.314,112.273,115.8,186.505,110.927,38.47,36.874,51.571,49.121,120.428,62.583,84.861,44.063,57.076,28.161,42.248,23.585,38.092,43.36,19.873,11.601,47.34,23.235,32.403,20.713,24.823,21.147,26.42,28.624,23.503,29.926,32.261,26.771,30.992,31.576,29.649,29.463,29.703,18.375,13.45,38.631,3.813,2.45,2.273,3.253,4.375,4.958,14.641,7.458,10.592,7.442
cost-goods-sold,0.967,1.364,1.041,,,,,,,,,,,,,,,,,,,,,,,,,,,,,,,,,,,,,,,,,,,,,,,,,,,,,,,,
gross-profit,166.925,162.449,296.173,192.113,145.395,117.747,144.419,167.792,118.314,112.273,115.8,186.505,110.927,38.47,36.874,51.571,49.121,120.428,62.583,84.861,44.063,57.076,28.161,42.248,23.585,38.092,43.36,19.873,11.601,47.34,23.235,32.403,20.713,24.823,21.147,26.42,28.624,23.503,29.926,32.261,26.771,30.992,31.576,29.649,29.463,29.703,18.375,13.45,38.631,3.813,2.45,2.273,3.253,4.375,4.958,14.641,7.458,10.592,7.442
research-development-expenses,104.366,106.165,106.417,113.452,95.255,101.83,104.067,128.286,80.214,83.506,82.638,101.152,84.631,77.573,80.964,101.33,88.508,68.007,64.447,67.953,61.086,59.264,53.448,57.43,45.66,42.631,38.312,42.758,36.551,40.435,38.714,47.219,39.924,36.009,34.245,39.333,34.716,39.124,31.987,40.104,33.832,32.146,28.541,33.342,26.024,25.288,21.785,13.575,24.296,20.384,19.949,13.084,18.973,18.982,18.372,20.944,18.212,20.95,22.361
selling-general-administrative-expenses,,,,,,,,,,,,,,,,,,,,,,,,,,,,,,,,,,,,,,,,,,,,,,,,,,,,,,,,,,,
operating-expenses,165.369,182.64,175.679,181.331,163.967,168.028,147.72,173.992,107.002,105.823,96.315,119.194,94.819,87.397,91.526,114.511,97.259,75.782,71.913,74.781,65.556,63.726,57.828,62.106,49.09,46.02,41.735,45.992,39.647,43.644,41.69,51.019,43.029,38.883,37.255,42.277,37.571,42.175,34.806,43.934,37.167,35.819,32.218,37.725,29.287,28.622,24.616,15.865,28.574,23.473,23.351,16.109,21.517,21.477,20.974,23.249,19.602,23.515,30.949
operating-income,2.523,-18.827,121.535,10.782,-18.572,-50.281,-3.301,-6.2,11.312,6.45,19.485,67.311,16.108,-48.927,-54.652,-62.94,-48.138,44.646,-9.33,10.08,-21.493,-6.65,-29.667,-19.858,-25.505,-7.928,1.625,-26.119,-28.046,3.696,-18.455,-18.616,-22.316,-14.06,-16.108,-15.857,-8.947,-18.672,-4.88,-11.673,-10.396,-4.827,-0.642,-8.076,0.176,1.081,-6.241,-2.415,10.057,-19.66,-20.901,-13.836,-18.264,-17.102,-16.016,-8.608,-12.144,-12.923,-23.507
total-non-operating-income-expense,0.994,1.888,0.396,-0.016,-1.341,-5.931,-7.496,-10.132,-17.844,-9.313,-10.521,-12.357,-8.757,-8.159,-8.033,-8.121,12.362,-8.209,-8.176,5.563,-3.785,-4.55,-3.889,-3.894,-4.258,-3.379,-3.361,15.077,-10.299,-4.903,-5.538,-1.42,-4.566,-3.82,-3.884,1.962,-3.507,-6.48,-4.778,-2.841,-1.632,1.135,-0.889,-1.361,0.384,-0.618,0.136,-4.354,1.115,1.033,1.075,22.931,-0.574,1.322,-1.464,0.696,-3.028,-6.736,-6.151
pre-tax-income,3.517,-16.939,121.931,10.766,-19.913,-56.212,-10.797,-16.332,-6.532,-2.863,8.964,54.954,7.351,-57.086,-62.685,-71.061,-35.776,36.437,-17.506,15.643,-25.278,-11.2,-33.556,-23.752,-29.763,-11.307,-1.736,-11.042,-38.345,-1.207,-23.993,-20.036,-26.882,-17.88,-19.992,-13.895,-12.454,-25.152,-9.658,-14.514,-12.028,-3.692,-1.531,-9.437,0.56,0.463,-6.105,-6.769,11.172,-18.627,-19.826,9.095,-18.838,-15.78,-17.48,-7.912,-15.172,-19.659,-29.658
total-provision-income-taxes,-14.915,-6.927,31.047,-291.966,0.452,0.358,0.015,-7.163,0.961,0.222,,2.933,,-0.231,0.232,0.372,,0.789,-0.789,-15.41,1.398,0.881,-2.276,0.524,-5.193,-1.181,-0.064,-8.405,-0.706,,0.002,0.004,,0.009,-0.002,0.09,0.0,0.002,,2.318,0.724,-0.011,0.16,,,,,,,,,,,,,,,,
income-after-taxes,,,,,,,,,,,,,,,,,,,,,,,,,,,,,,,,,,,,,,,,,,,,,,,,,,,,,,,,,,,
income-from-continuous-operations,18.432,-10.012,90.884,302.732,-20.365,-56.57,-10.812,-9.169,-7.493,-3.085,8.964,52.021,7.351,-56.855,-62.917,-71.433,-35.776,35.648,-16.717,31.053,-26.676,-12.081,-31.28,-24.276,-24.57,-10.126,-1.672,-2.637,-37.639,-1.207,-23.995,-20.04,-26.882,-17.889,-19.99,-13.985,-12.454,-25.154,-9.658,-16.832,-12.752,-3.681,-1.691,-9.437,0.56,0.463,-6.105,-30.013,20.007,-11.024,-13.02,-11.246,-12.105,-2.172,-17.48,-7.912,-15.172,-19.659,-29.658
income-from-discontinued-operations,,,,,,,,,,,,,,,,,,,,,,,,,,,,,,,,,,,,,,,,-1.496,0.034,0.094,186.996,-2.503,-0.155,-5.165,-0.564,,,,,,,,,,,,
net-income,26.163,-0.876,84.443,320.075,-4.559,-40.355,-1.42,-2.922,-2.611,-3.085,8.964,52.021,7.351,-56.855,-62.917,-71.433,-35.776,35.648,-16.717,31.053,-26.676,-12.081,-31.28,-24.276,-24.57,-10.126,-1.672,-2.637,-37.639,-1.207,-23.995,-20.036,-26.882,-17.889,-19.994,-13.985,-12.454,-25.154,-9.658,-16.84,-11.582,-2.73,186.218,-10.262,1.613,-3.737,-5.786,-12.256,-105.304,-11.024,-13.02,-14.146,-12.105,-2.172,-17.48,-7.912,-15.172,-19.659,-29.658
ebitda,13.88,-7.446,131.845,21.549,-7.466,-37.988,9.221,4.691,24.055,20.554,33.043,79.222,27.913,-37.011,-42.63,-50.346,-35.877,56.323,2.061,19.98,-13.739,1.637,-22.538,-12.279,-18.383,-0.898,8.574,-26.119,-28.046,3.696,-18.455,-18.616,-22.316,-14.06,-16.108,-15.857,-8.947,-18.672,-4.88,-11.673,-10.396,-4.827,-0.642,-8.076,0.176,1.081,-6.241,-2.415,10.057,-19.66,-20.901,-13.836,-18.264,-17.102,-16.016,-8.608,-12.144,-12.923,-23.507
ebit,2.523,-18.827,121.535,10.782,-18.572,-50.281,-3.301,-6.2,11.312,6.45,19.485,67.311,16.108,-48.927,-54.652,-62.94,-48.138,44.646,-9.33,10.08,-21.493,-6.65,-29.667,-19.858,-25.505,-7.928,1.625,-26.119,-28.046,3.696,-18.455,-18.616,-22.316,-14.06,-16.108,-15.857,-8.947,-18.672,-4.88,-11.673,-10.396,-4.827,-0.642,-8.076,0.176,1.081,-6.241,-2.415,10.057,-19.66,-20.901,-13.836,-18.264,-17.102,-16.016,-8.608,-12.144,-12.923,-23.507
basic-shares-outstanding,140.551,140.247,138.582,132.32,137.346,128.712,125.33,124.016,124.37,123.989,122.861,120.933,120.989,120.798,120.598,119.719,119.979,119.742,118.948,117.691,117.811,117.588,117.128,110.502,115.263,108.539,101.875,100.576,100.68,100.213,100.157,99.656,99.687,99.602,99.569,99.143,99.196,99.091,99.013,98.109,98.32,98.116,97.521,94.566,95.863,94.675,90.799,83.739,83.942,82.548,82.456,74.308,73.588,72.822,72.377,62.877,64.086,57.524,57.521
shares-outstanding,143.408,140.247,141.537,134.056,137.346,128.712,125.33,126.098,124.37,123.989,124.972,120.933,123.378,120.798,120.598,119.719,119.979,127.779,118.948,117.691,117.811,117.588,117.128,110.502,115.263,108.539,101.875,100.576,100.68,100.213,100.157,99.656,99.687,99.602,99.569,99.143,99.196,99.091,99.013,98.109,98.32,98.116,97.521,94.566,100.181,94.675,90.799,83.739,83.942,82.548,82.456,74.308,73.588,72.822,72.377,62.877,64.086,57.524,57.521
eps-basic-net-earnings-per-share,0.19,-0.01,0.63,2.42,-0.03,-0.29,-0.01,0.12,-0.02,-0.02,0.07,0.43,0.06,-0.47,-0.52,-0.6,-0.3,0.3,-0.14,0.27,-0.23,-0.1,-0.27,-0.23,-0.21,-0.09,-0.02,-0.03,-0.37,-0.01,-0.24,-0.2,-0.27,-0.18,-0.2,-0.14,-0.13,-0.25,-0.1,-0.18,-0.12,-0.03,1.91,-0.11,0.02,-0.04,-0.06,-0.15,-1.25,-0.13,-0.16,-0.19,-0.16,-0.03,-0.24,-0.05,-0.24,-0.34,-0.52
eps-earnings-per-share-diluted,0.18,-0.01,0.62,2.4,-0.03,-0.29,-0.01,0.12,-0.02,-0.02,0.07,0.43,0.06,-0.47,-0.52,-0.59,-0.3,0.29,-0.14,0.27,-0.23,-0.1,-0.27,-0.23,-0.21,-0.09,-0.02,-0.03,-0.37,-0.01,-0.24,-0.2,-0.27,-0.18,-0.2,-0.14,-0.13,-0.25,-0.1,-0.18,-0.12,-0.03,1.91,-0.11,0.02,-0.04,-0.06,-0.15,-1.25,-0.13,-0.16,-0.19,-0.16,-0.03,-0.24,-0.05,-0.24,-0.34,-0.52
