,2019-09-30,2019-06-30,2019-03-31,2018-12-31,2018-09-30,2018-06-30,2018-03-31,2017-12-31,2017-09-30,2017-06-30,2017-03-31,2016-12-31,2016-09-30,2016-06-30,2016-03-31,2015-12-31,2015-09-30,2015-06-30,2015-03-31,2014-12-31,2014-09-30,2014-06-30,2014-03-31,2013-12-31,2013-09-30,2013-06-30,2013-03-31,2012-12-31,2012-09-30,2012-06-30,2012-03-31,2011-12-31,2011-09-30,2011-06-30,2011-03-31,2010-12-31,2010-09-30,2010-06-30,2010-03-31,2009-12-31,2009-09-30,2009-06-30,2009-03-31,2008-12-31,2008-09-30,2008-06-30,2008-03-31,2007-12-31,2007-09-30,2007-06-30,2007-03-31,2006-12-31,2006-09-30,2006-06-30,2006-03-31,2005-12-31,2005-09-30,2005-06-30,2005-03-31
revenue,,,,,-3.3,1.667,7.771,8.595,7.868,10.861,17.465,17.429,37.599,54.731,50.306,52.707,57.206,74.519,110.115,126.28,172.401,183.774,177.235,121.747,174.282,172.826,155.753,159.49,136.786,135.702,126.61,132.231,120.773,119.591,112.137,119.679,105.743,110.135,102.088,102.06,98.789,104.175,99.217,93.873,88.126,86.731,79.427,72.297,62.191,56.399,66.647,60.358,59.58,59.372,34.642,32.1207,31.9196,42.5947,43.572
cost-goods-sold,,,,0.697,0.89,2.931,2.737,20.438,4.287,12.49,9.978,14.337,20.777,15.23,18.797,9.504,49.188,24.756,20.538,11.7,69.076,85.687,66.867,30.19,65.794,63.938,56.714,52.228,43.767,42.681,38.663,44.007,39.459,37.83,35.57,35.394,31.568,33.568,28.769,31.19,28.308,30.353,28.297,25.235,22.089,21.939,19.092,17.471,16.157,15.094,17.78,13.522,14.342,15.45,8.498,7.061,6.1064,10.9971,10.5975
gross-profit,,,,-0.697,-4.19,-1.264,5.034,-11.843,3.581,-1.629,7.487,3.092,16.822,39.501,31.509,43.203,8.018,49.763,89.577,114.58,103.325,98.087,110.368,91.557,108.488,108.888,99.039,107.262,93.019,93.021,87.947,88.224,81.314,81.761,76.567,84.285,74.175,76.567,73.319,70.87,70.481,73.822,70.92,68.638,66.037,64.792,60.335,54.826,46.034,41.305,48.867,46.836,45.238,43.922,26.144,25.0598,25.8132,31.5976,32.9745
research-development-expenses,42.77,28.112,27.011,29.611,32.736,30.294,40.366,55.6,33.077,23.249,26.444,24.425,23.537,37.567,33.491,6.968,27.102,33.035,23.283,33.874,33.314,41.228,31.096,29.852,23.187,27.025,58.196,26.147,34.536,32.962,32.778,33.302,26.55,26.536,23.792,31.113,16.676,20.575,16.877,48.926,22.464,21.784,24.436,23.201,44.075,19.781,18.663,23.307,18.741,15.729,19.478,19.143,15.867,13.978,14.548,12.9608,17.8196,16.0368,17.5718
selling-general-administrative-expenses,18.599,19.889,16.982,-4.576,6.826,21.013,28.951,29.644,33.765,28.359,40.457,49.534,69.022,94.158,79.298,24.314,86.892,93.309,80.785,79.026,82.662,88.745,64.521,68.869,62.528,52.944,63.482,44.704,43.396,40.467,43.186,34.916,45.353,41.42,37.928,37.372,35.788,39.409,46.121,46.969,47.358,45.91,53.595,47.899,42.865,38.789,35.35,32.351,55.499,26.819,27.138,22.3,20.312,20.618,25.035,18.5268,15.438,15.2373,13.8509
other-operating-income-expenses,,,,,-5.073,,,-63.0,,-329.097,,,,,,,,,,,,,,,,,,,,,,,,,,,,,,,,,,,,,,,,,,,,,,,,,
operating-expenses,61.369,48.001,43.993,25.732,45.525,54.238,72.054,168.682,71.129,393.195,76.879,88.296,113.336,146.955,131.586,40.786,163.182,151.1,124.606,124.6,185.052,215.66,162.484,128.911,151.509,143.907,178.392,123.079,121.699,116.11,114.627,112.225,111.362,105.786,97.29,103.879,84.032,93.552,91.767,127.085,98.13,98.047,106.328,96.335,109.029,80.509,73.105,73.129,90.397,57.642,64.396,54.965,50.521,50.046,48.081,38.5485,39.3641,42.2712,42.0202
operating-income,-61.369,-48.001,-43.993,-25.732,-48.825,-52.571,-64.283,-160.087,-63.261,-382.334,-59.414,-70.867,-75.737,-92.224,-81.28,11.921,-105.976,-76.581,-14.491,1.68,-12.651,-31.886,14.751,-7.164,22.773,28.919,-22.639,36.411,15.087,19.592,11.983,20.006,9.411,13.805,14.847,15.8,21.711,16.583,10.321,-25.025,0.659,6.128,-7.111,-2.462,-20.903,6.222,6.322,-0.832,-28.206,-1.243,2.251,5.393,9.059,9.326,-13.439,-6.4278,-7.4445,0.3235,1.5518
total-non-operating-income-expense,-12.615,-12.047,-15.869,-22.073,-18.876,-14.275,-39.469,-6.297,-10.593,-10.731,-11.554,-12.026,-10.467,274.037,-9.033,-9.882,-3.651,11.294,22.837,30.186,-9.831,3.284,2.339,0.988,1.041,0.969,0.274,0.311,0.349,2.413,0.062,0.34,0.578,0.061,18.795,-0.322,0.483,-0.117,-0.311,-4.873,0.151,0.734,1.17,-0.021,1.07,1.805,2.381,2.687,2.664,2.719,2.583,2.412,2.045,1.511,1.351,1.3143,1.1449,1.0152,0.8696
pre-tax-income,-73.984,-60.048,-59.862,-47.805,-67.701,-66.846,-103.752,-166.384,-73.854,-393.065,-70.968,-82.893,-86.204,181.813,-90.313,2.039,-109.627,-65.287,8.346,31.866,-22.482,-28.602,17.09,-6.176,23.814,29.888,-22.365,36.722,15.436,22.005,12.045,20.346,9.989,13.866,33.642,15.478,22.194,16.466,10.01,-29.898,0.81,6.862,-5.941,-2.483,-19.833,8.027,8.703,1.855,-25.542,1.476,4.834,7.805,11.104,10.837,-12.088,-5.1135,-6.2996,1.3387,2.4214
total-provision-income-taxes,0.01,0.007,0.003,-3.513,-16.066,-12.393,-18.916,-6.968,-66.636,-23.0,0.028,-0.11,0.163,0.011,0.046,-16.838,-19.001,2.105,4.001,4.717,-5.693,-23.428,22.095,-14.89,16.068,11.854,-10.759,16.141,6.172,8.251,4.474,0.764,-62.625,2.426,9.401,-43.094,0.989,1.04,0.578,43.597,4.007,3.051,-2.593,1.713,-6.616,3.971,3.85,0.35,-1.899,0.659,1.785,-46.449,0.432,-0.077,0.026,-0.0037,-0.0677,0.0877,0.0837
income-after-taxes,,,,,,,,,,,,,,,,,,,,,,,,,,,,,,,,,,,,,,,,,,,,,,,,,,,,,,,,,,,
income-from-continuous-operations,-73.994,-60.055,-59.865,-44.292,-51.635,-54.453,-84.836,-159.416,-7.218,-370.065,-70.996,-82.783,-86.367,181.802,-90.359,18.877,-90.626,-67.392,4.345,27.149,-16.789,-5.174,-5.005,8.714,7.746,18.034,-11.606,20.581,9.264,13.754,7.571,19.582,72.614,11.44,24.241,58.572,21.205,15.426,9.432,-73.495,-3.197,3.811,-3.348,-4.196,-13.217,4.056,4.853,1.505,-23.643,0.817,3.049,54.254,10.672,10.914,-12.114,-5.1097,-6.2319,1.251,2.3377
income-from-discontinued-operations,,,,1.818,-3.999,0.256,113.985,-18.846,-22.957,-27.203,-31.674,-40.073,0.096,0.619,-2.105,-224.949,-14.515,20.853,0.661,,,,,,,,,,,,,,,,,,,,,,,,,,,,,,,,,,,,,,,,
net-income,-73.994,-60.055,-59.865,-42.474,-55.634,-54.197,29.149,-178.262,-30.175,-397.268,-102.67,-122.852,-86.258,182.442,-92.448,-206.066,-105.132,-46.592,5.034,-5.321,-16.736,-5.157,-4.996,1.198,7.793,18.094,-11.573,20.663,9.265,13.755,7.571,19.582,72.614,11.44,24.241,58.572,21.205,15.426,9.432,-73.495,-3.197,3.811,-3.348,-4.196,-13.217,4.056,4.853,1.505,-23.643,0.817,3.049,54.254,10.672,10.914,-12.114,-5.1097,-6.2319,1.251,2.3377
ebitda,-51.386,-38.431,-34.331,-20.349,-41.296,-45.07,-56.81,-149.244,-50.811,-371.788,-44.411,-55.552,-61.184,-78.511,-67.637,28.7221,-90.629,-63.293,-1.414,13.084,-0.625,-19.851,25.604,7.957,32.751,38.836,-14.051,41.171,19.693,22.347,13.77,21.723,11.452,15.962,17.184,17.667,23.907,18.891,13.334,-22.931,2.816,7.997,-5.346,-1.079,-19.93,6.629,6.604,-0.668,-28.115,-1.16,2.406,5.496,9.234,9.305,-13.391,-6.2546,-7.2016,0.6377,1.8015
ebit,-61.369,-48.001,-43.993,-25.732,-48.825,-52.571,-64.283,-160.087,-63.261,-382.334,-59.414,-70.867,-75.737,-92.224,-81.28,11.921,-105.976,-76.581,-14.491,1.68,-12.651,-31.886,14.751,-7.164,22.773,28.919,-22.639,36.411,15.087,19.592,11.983,20.006,9.411,13.805,14.847,15.8,21.711,16.583,10.321,-25.025,0.659,6.128,-7.111,-2.462,-20.903,6.222,6.322,-0.832,-28.206,-1.243,2.251,5.393,9.059,9.326,-13.439,-6.4278,-7.4445,0.3235,1.5518
basic-shares-outstanding,80.129,74.809,74.463,73.571,73.544,73.349,73.802,72.95,72.286,71.918,71.073,70.492,70.194,69.711,69.21,66.809,67.137,65.903,65.174,64.473,64.534,64.4,64.152,58.096,59.231,55.553,54.047,53.545,52.896,54.035,54.037,53.496,53.534,53.441,53.224,52.842,52.991,52.819,52.496,52.269,52.298,52.232,52.141,51.904,51.941,51.834,51.749,51.624,51.672,51.638,51.49,50.3,50.478,49.951,49.76,49.443,49.612,49.425,48.985
shares-outstanding,80.129,74.809,74.463,73.571,73.544,73.349,73.802,72.95,72.286,71.918,71.073,70.492,70.194,72.509,69.21,66.809,67.137,65.903,66.929,66.668,64.534,64.4,64.152,62.652,63.173,60.261,54.047,55.346,55.145,55.556,55.672,54.407,54.26,54.314,54.109,53.184,53.359,52.924,52.719,52.269,52.298,52.532,52.141,51.904,51.941,52.441,52.274,51.624,51.672,52.294,52.977,51.034,51.114,50.546,49.76,49.443,49.612,50.149,50.227
eps-basic-net-earnings-per-share,-0.92,-0.8,-0.8,-0.58,-0.75,-0.74,0.39,-2.45,-0.42,-5.53,-1.44,-1.74,-1.23,2.62,-1.34,-3.08,-1.57,-0.71,0.08,-0.08,-0.26,-0.08,-0.08,0.02,0.13,0.33,-0.21,0.39,0.18,0.25,0.14,0.36,1.36,0.21,0.46,1.11,0.4,0.29,0.18,-1.41,-0.06,0.07,-0.06,-0.08,-0.25,0.08,0.09,0.03,-0.46,0.02,0.06,1.08,0.21,0.22,-0.24,-0.11,-0.13,0.03,0.05
eps-earnings-per-share-diluted,-0.92,-0.8,-0.8,-0.58,-0.75,-0.74,0.39,-2.45,-0.42,-5.53,-1.44,-1.74,-1.23,2.52,-1.34,-3.08,-1.57,-0.71,0.08,-0.07,-0.26,-0.08,-0.08,0.04,0.12,0.3,-0.21,0.37,0.17,0.25,0.14,0.35,1.34,0.21,0.45,1.1,0.4,0.29,0.18,-1.41,-0.06,0.07,-0.06,-0.08,-0.25,0.08,0.09,0.03,-0.46,0.02,0.06,1.06,0.21,0.22,-0.24,-0.1,-0.13,0.02,0.05
