,2019-10-31,2019-07-31,2019-04-30,2019-01-31,2018-10-31,2018-07-31,2018-04-30,2018-01-31,2017-10-31,2017-07-31,2017-04-30,2017-01-31,2016-10-31,2016-07-31,2016-04-30,2016-01-31,2015-10-31,2015-07-31,2015-04-30,2015-01-31,2014-10-31,2014-07-31,2014-04-30,2014-01-31,2013-10-31,2013-07-31,2013-04-30,2013-01-31,2012-10-31,2012-07-31,2012-04-30,2012-01-31,2011-10-31,2011-07-31,2011-04-30,2011-01-31,2010-10-31,2010-07-31,2010-04-30,2010-01-31,2009-10-31,2009-07-31,2009-04-30,2009-01-31,2008-10-31,2008-07-31,2008-04-30,2008-01-31,2007-10-31,2007-07-31,2007-04-30,2007-01-31,2006-10-31,2006-07-31,2006-04-30,2006-01-31,2005-10-31,2005-07-31,2005-04-30,2005-01-31
revenue,7706.0,7493.0,8146.0,7546.0,7481.0,7384.0,8144.0,7369.0,7050.0,7390.0,7916.0,7283.0,7345.0,7166.0,7567.0,6934.0,7058.0,7274.0,7304.0,4318.0,4366.0,4273.0,4565.0,4163.0,4194.0,4083.0,4460.0,4027.0,4095.0,4008.0,4297.0,3918.0,4023.0,3946.0,3975.0,3857.0,3903.0,3773.0,3770.0,3851.0,3838.0,3933.0,3829.0,3494.0,3570.0,3706.0,3859.0,3405.0,3124.0,3127.0,3279.0,3048.0,3075.0,2897.0,3067.0,2770.0,2765.0,2690.0,2778.4,2530.7
cost-goods-sold,2394.0,2366.0,2483.0,2265.0,2203.0,2204.0,2398.0,2194.0,2123.0,2352.0,2439.0,2268.0,2326.0,2261.0,2363.0,2141.0,2182.0,2456.0,2934.0,1128.0,1142.0,1105.0,1171.0,1050.0,1090.0,1022.0,1134.0,999.0,1020.0,973.0,1047.0,931.0,960.0,951.0,912.0,934.0,961.0,893.0,782.0,912.0,922.0,966.0,932.0,848.0,883.0,855.0,944.0,870.0,840.0,792.0,866.0,775.0,795.0,732.0,767.0,699.0,695.0,654.0,705.3001,605.6
gross-profit,5312.0,5127.0,5663.0,5281.0,5278.0,5180.0,5746.0,5175.0,4927.0,5038.0,5477.0,5015.0,5019.0,4905.0,5204.0,4793.0,4876.0,4818.0,4370.0,3190.0,3224.0,3168.0,3394.0,3113.0,3104.0,3061.0,3326.0,3028.0,3075.0,3035.0,3250.0,2987.0,3063.0,2995.0,3063.0,2923.0,2942.0,2880.0,2988.0,2939.0,2916.0,2967.0,2897.0,2646.0,2687.0,2851.0,2915.0,2535.0,2284.0,2335.0,2413.0,2273.0,2280.0,2165.0,2300.0,2071.0,2070.0,2036.0,2073.1,1925.1
research-development-expenses,603.0,587.0,594.0,561.0,590.0,585.0,592.0,559.0,556.0,549.0,553.0,530.0,554.0,556.0,575.0,546.0,545.0,558.0,528.0,373.0,374.0,365.0,385.0,360.0,372.0,360.0,409.0,376.0,387.0,385.0,393.0,364.0,371.0,362.0,367.0,362.0,373.0,370.0,341.0,344.0,369.0,370.0,368.0,337.0,326.0,324.0,348.0,329.0,298.0,300.0,327.0,293.0,320.0,299.0,295.0,280.0,275.0,263.0,247.6,241.0
selling-general-administrative-expenses,2620.0,2543.0,2620.0,2596.0,2605.0,2597.0,2596.0,2523.0,2539.0,2580.0,2786.0,2388.0,2416.0,2428.0,2360.0,2317.0,2343.0,2449.0,2404.0,1487.0,1507.0,1506.0,1539.0,1454.0,1438.0,1416.0,1475.0,1401.0,1417.0,1405.0,1462.0,1371.0,1410.0,1380.0,1355.0,1367.0,1371.0,1334.0,1263.0,1328.0,1323.0,1368.0,1314.0,1257.0,1263.0,1318.0,1297.0,1207.0,1107.0,1096.0,1095.0,1038.0,1036.0,984.0,974.0,900.0,903.0,882.0,858.1,814.2
other-operating-income-expenses,-149.0,22.0,20.0,-57.0,-70.0,-151.0,-175.0,-128.0,530.0,-65.0,35.0,-146.0,-89.0,-39.0,20.0,-9.0,-57.0,-61.0,-194.0,114.0,,,,,,,,,,,,,,,,,,,,,,,,,,,,,,,,,,,,,,,,
operating-expenses,6355.0,6008.0,6200.0,6004.0,5937.0,6148.0,6216.0,5933.0,5156.0,6008.0,6232.0,6136.0,5960.0,5999.0,5992.0,5579.0,5758.0,6143.0,7145.0,3043.0,3173.0,3134.0,4260.0,3138.0,2988.0,2806.0,3269.0,2809.0,2909.0,2848.0,3082.0,2765.0,2802.0,2787.0,2993.0,2710.0,2814.0,2694.0,2714.0,2584.0,2614.0,2766.0,3169.0,2514.0,2490.0,2593.0,2663.0,2716.0,2245.0,2235.0,2316.0,2106.0,2151.0,2015.0,2036.0,1879.0,1873.0,2163.0,1811.0,1660.8
operating-income,1351.0,1485.0,1946.0,1542.0,1544.0,1236.0,1928.0,1436.0,1894.0,1382.0,1684.0,1147.0,1385.0,1167.0,1575.0,1355.0,1300.0,1131.0,159.0,1275.0,1193.0,1139.0,305.0,1025.0,1206.0,1277.0,1191.0,1218.0,1186.0,1160.0,1215.0,1153.0,1221.0,1159.0,982.0,1147.0,1089.0,1079.0,1056.0,1267.0,1224.0,1167.0,660.0,980.0,1080.0,1113.0,1196.0,689.0,879.0,892.0,963.0,942.0,924.0,882.0,1031.0,891.0,892.0,527.0,967.3997,869.8999
total-non-operating-income-expense,-57.0,-508.0,-654.0,-172.0,-189.0,-56.0,-203.0,-409.0,-166.0,-187.0,-249.0,-180.0,-173.0,-179.0,-441.0,-176.0,-217.0,-191.0,28.0,-81.0,-171.0,-56.0,176.0,-70.0,-90.0,-124.0,-37.0,-63.0,-332.0,-72.0,-184.0,-100.0,-178.0,-141.0,-107.0,-150.0,-337.0,-39.0,154.0,-204.0,-114.0,-606.0,-651.0,-87.0,-457.0,-198.0,-338.0,-554.0,-11.0,-13.0,-108.0,-8.0,-13.0,-67.0,-32.0,14.0,-127.0,-35.0,-688.0,-105.9
pre-tax-income,1294.0,977.0,1292.0,1370.0,1355.0,1180.0,1725.0,1027.0,1728.0,1195.0,1435.0,967.0,1212.0,988.0,1134.0,1179.0,1083.0,940.0,187.0,1194.0,1022.0,1083.0,481.0,955.0,1116.0,1153.0,1154.0,1155.0,854.0,1088.0,1031.0,1053.0,1043.0,1018.0,875.0,997.0,752.0,1040.0,1210.0,1063.0,1110.0,561.0,9.0,893.0,623.0,915.0,858.0,135.0,868.0,879.0,855.0,934.0,911.0,815.0,999.0,905.0,765.0,492.0,279.4,764.0
total-provision-income-taxes,-77.0,100.0,110.0,99.0,235.0,103.0,260.0,2419.0,-285.0,186.0,271.0,147.0,101.0,59.0,31.0,84.0,563.0,120.0,188.0,217.0,194.0,212.0,33.0,193.0,214.0,200.0,185.0,167.0,208.0,224.0,144.0,208.0,179.0,199.0,129.0,84.0,186.0,210.0,271.0,232.0,242.0,116.0,-93.0,195.0,76.0,192.0,138.0,58.0,202.0,204.0,43.0,224.0,230.0,216.0,260.0,235.0,-52.0,171.0,84.9,219.9
income-after-taxes,,,,,,,,,,,,,,,,,,,,,,,,,,,,,,,,,,,,,,,,,,,,,,,,,,,,,,,,,,,,
income-from-continuous-operations,1371.0,877.0,1182.0,1271.0,1120.0,1077.0,1465.0,-1392.0,2013.0,1009.0,1164.0,820.0,1111.0,929.0,1103.0,1095.0,520.0,820.0,-1.0,977.0,828.0,871.0,448.0,762.0,902.0,953.0,969.0,988.0,646.0,864.0,887.0,845.0,864.0,819.0,746.0,913.0,566.0,830.0,939.0,831.0,868.0,445.0,102.0,698.0,547.0,723.0,720.0,77.0,666.0,675.0,812.0,710.0,681.0,599.0,739.0,670.0,817.0,321.0,194.5001,544.1
income-from-discontinued-operations,,,,,,,,,,,,,,,,,,,,,,,,,,,,,,,103.0,90.0,7.0,2.0,30.0,11.0,,,,,,,,,,,,,,,,,,,,,,,,
net-income,1364.0,864.0,1172.0,1269.0,1115.0,1075.0,1460.0,-1389.0,2017.0,1016.0,1163.0,821.0,1115.0,929.0,1103.0,1095.0,520.0,820.0,-1.0,977.0,828.0,871.0,448.0,762.0,902.0,953.0,969.0,988.0,646.0,864.0,990.0,935.0,871.0,821.0,776.0,924.0,566.0,830.0,955.0,831.0,868.0,445.0,102.0,698.0,547.0,723.0,720.0,77.0,666.0,675.0,812.0,710.0,681.0,599.0,739.0,670.0,817.0,321.0,194.5,544.1
ebitda,,2142.0,2613.0,2217.0,2195.0,1902.0,2592.0,2102.0,2572.0,2018.0,2381.0,1884.0,2124.0,1911.0,2290.0,2077.0,2004.0,1839.0,843.0,1550.0,1401.0,1354.0,522.0,1241.0,1421.0,1487.0,1435.0,1455.0,1408.0,1380.0,1437.0,1383.0,1455.0,1391.0,1236.0,1380.0,1347.0,1309.0,1304.0,1502.0,1449.0,1398.0,877.0,1188.0,1297.0,1324.0,1521.0,870.0,1006.0,1041.0,1131.0,1080.0,1061.0,1022.0,1169.0,1029.0,1032.0,655.0,1091.1,985.4999
ebit,1351.0,1485.0,1946.0,1542.0,1544.0,1236.0,1928.0,1436.0,1894.0,1382.0,1684.0,1147.0,1385.0,1167.0,1575.0,1355.0,1300.0,1131.0,159.0,1275.0,1193.0,1139.0,305.0,1025.0,1206.0,1277.0,1191.0,1218.0,1186.0,1160.0,1215.0,1153.0,1221.0,1159.0,982.0,1147.0,1089.0,1079.0,1056.0,1267.0,1224.0,1167.0,660.0,980.0,1080.0,1113.0,1196.0,689.0,879.0,892.0,963.0,942.0,924.0,882.0,1031.0,891.0,892.0,527.0,967.3999,869.8999
basic-shares-outstanding,1340.8,1340.8,1346.4,1342.8,1349.2,1352.7,1356.7,1354.0,1355.1,1361.9,1378.9,1372.2,1380.0,1392.2,1409.6,1406.6,1412.9,1418.1,1095.5,983.8,981.9,992.6,1002.1,998.3,998.9,1009.7,1019.3,1012.5,1019.4,1029.8,1053.9,1054.4,1058.1,1063.5,1077.4,1073.9,1080.1,1086.1,1106.3,1105.0,1106.8,1112.6,1121.9,1119.0,1124.5,1125.2,1133.0,1126.9,1133.1,1138.7,1149.7,1149.0,1149.3,1153.8,1204.5,1208.5,1208.6,1210.5,1209.0,1208.2
shares-outstanding,1351.4,1351.9,1357.5,1352.7,1360.9,1365.4,1368.2,1354.0,1365.8,1375.6,1391.4,1383.1,1392.5,1407.1,1425.9,1422.2,1428.8,1436.4,1109.0,995.8,993.0,1005.2,1013.6,1010.0,1009.4,1021.2,1027.5,1021.0,1027.8,1037.1,1059.9,1060.2,1063.1,1069.6,1081.7,1077.9,1083.7,1089.7,1109.4,1108.7,1109.2,1114.6,1126.3,1121.8,1130.7,1131.7,1143.8,1135.0,1147.7,1153.1,1161.8,1163.7,1159.4,1164.8,1217.3,1222.8,1222.5,1222.6,1220.8,1219.1
eps-basic-net-earnings-per-share,1.02,0.64,0.87,0.95,0.83,0.79,1.08,-1.03,1.49,0.75,0.84,0.6,0.81,0.67,0.78,0.78,0.37,0.58,-0.27,0.99,0.84,0.88,0.46,0.76,0.9,0.94,0.95,0.98,0.63,0.84,0.95,0.89,0.82,0.77,0.73,0.86,0.52,0.76,0.87,0.75,0.78,0.4,0.1,0.62,0.49,0.64,0.64,0.07,0.59,0.59,0.71,0.62,0.59,0.52,0.62,0.55,0.68,0.26,0.16,0.45
eps-earnings-per-share-diluted,1.01,0.64,0.86,0.94,0.82,0.79,1.08,-1.03,1.48,0.74,0.84,0.59,0.8,0.66,0.78,0.77,0.36,0.57,-0.27,0.98,0.83,0.87,0.45,0.75,0.89,0.93,0.94,0.97,0.63,0.83,0.94,0.88,0.82,0.77,0.72,0.86,0.52,0.76,0.86,0.75,0.78,0.4,0.1,0.62,0.48,0.64,0.63,0.07,0.58,0.59,0.7,0.61,0.59,0.51,0.61,0.55,0.67,0.26,0.16,0.45
