,2019-09-30,2019-06-30,2019-03-31,2018-12-31,2018-09-30,2018-06-30,2018-03-31,2017-12-31,2017-09-30,2017-06-30,2017-03-31,2016-12-31,2016-09-30,2016-06-30,2016-03-31,2015-12-31,2015-09-30,2015-06-30,2015-03-31,2014-12-31,2014-09-30,2014-06-30,2014-03-31,2013-12-31,2013-09-30,2013-06-30,2013-03-31,2012-12-31,2012-09-30,2012-06-30,2012-03-31,2011-12-31,2011-09-30,2011-06-30,2011-03-31,2010-12-31,2010-09-30,2010-06-30,2010-03-31,2009-12-31,2009-09-30,2009-06-30,2009-03-31,2008-12-31,2008-09-30,2008-06-30,2008-03-31,2007-12-31,2007-09-30,2007-06-30,2007-03-31,2006-12-31,2006-09-30,2006-06-30,2006-03-31,2005-12-31,2005-09-30,2005-06-30,2005-03-31
revenue,753.866,731.366,679.452,817.923,734.846,721.996,660.821,778.0309,698.799,653.656,594.567,709.699,650.598,608.286,539.674,673.535,604.154,582.057,535.701,697.428,629.1,608.834,550.621,684.25,591.687,578.68,524.355,657.2921,578.553,570.283,535.4,648.3599,601.114,561.088,498.766,592.765,490.213,468.549,416.651,511.682,435.65,407.442,374.079,509.6871,509.097,515.605,438.955,532.8401,442.6,430.544,387.764,462.277,397.318,389.157,346.16,411.2471,365.428,368.637,337.16
cost-goods-sold,318.81,311.828,291.133,340.357,315.592,309.371,285.888,322.256,297.824,278.044,251.178,288.9441,281.104,260.71,239.767,282.788,264.625,259.145,236.896,303.046,285.549,280.658,257.98,308.8929,273.114,269.837,245.197,300.504,270.396,271.275,258.298,302.201,286.697,264.897,237.259,276.175,234.158,221.924,198.725,241.694,210.457,201.208,186.157,245.449,260.417,256.594,217.803,262.24,223.591,215.451,196.285,228.677,203.261,196.722,175.82,203.154,186.422,188.212,174.365
gross-profit,435.056,419.538,388.319,477.566,419.254,412.625,374.933,455.7749,400.975,375.612,343.389,420.755,369.494,347.576,299.907,390.747,339.529,322.912,298.805,394.382,343.551,328.176,292.641,375.3571,318.573,308.843,279.158,356.7881,308.157,299.008,277.102,346.1589,314.417,296.191,261.507,316.5899,256.055,246.625,217.926,269.988,225.193,206.234,187.922,264.2381,248.68,259.011,221.152,270.6001,219.009,215.093,191.479,233.6,194.057,192.435,170.34,208.0931,179.006,180.425,162.795
research-development-expenses,36.015,36.582,36.053,36.205,34.838,35.315,34.713,32.323,32.203,32.582,31.2,29.383,30.139,30.701,28.973,31.11,29.711,29.794,28.461,31.323,30.352,32.125,29.497,30.597,29.046,29.003,27.7,28.001,27.896,27.966,28.667,30.115,30.068,29.605,26.351,26.466,24.992,23.105,22.465,23.731,22.309,22.075,21.57,24.771,26.553,26.704,24.254,25.888,22.699,22.455,21.336,21.823,20.478,20.562,19.939,20.84,19.315,20.936,20.802
selling-general-administrative-expenses,,,,,,,,,,,,,,,,,,,,,,,,,,,,,,,,,,,,,,,,,,,,,,,,,,,,,,,,,,,
operating-expenses,569.98,565.951,543.833,590.178,564.737,564.68,533.01,572.788,547.776,516.499,478.079,529.1721,508.01,487.864,446.085,499.3381,477.649,471.381,445.923,528.7681,509.598,503.169,466.762,526.2129,482.281,478.081,444.044,509.4702,474.528,474.583,459.805,521.7501,507.392,470.881,428.61,471.6771,408.12,392.196,359.585,407.503,365.689,348.585,324.445,411.468,435.31,443.062,383.064,440.4169,378.635,369.719,341.982,387.745,344.294,337.71,310.745,345.308,317.33,320.254,304.292
operating-income,183.886,165.415,135.619,227.7451,170.109,157.316,127.811,205.2429,151.023,137.157,116.488,180.527,142.588,120.422,93.589,174.1969,126.505,110.676,89.778,168.6599,119.502,105.665,83.859,158.0371,109.406,100.599,80.311,147.822,104.025,95.7,75.595,126.6098,93.722,90.207,70.156,121.0879,82.093,76.353,57.066,104.179,69.961,58.857,49.634,98.2191,73.787,72.543,55.891,92.4232,63.965,60.825,45.782,74.532,53.024,51.447,35.415,65.9391,48.098,48.383,32.868
total-non-operating-income-expense,-14.527,-10.199,-9.943,2.709,-9.746,-13.714,-10.372,-11.343,-11.396,-10.31,-2.64,0.757,-9.264,-17.25,-7.176,-12.706,-9.582,-8.629,-6.815,-9.274,-7.666,-8.267,-7.475,-13.133,-11.61,-9.726,-11.175,-11.86,-8.42,-13.974,-6.287,-9.106,-6.664,-8.87,-6.878,-10.997,-5.231,-6.967,-5.892,-9.347,-13.051,-20.87,-14.601,-13.028,-7.291,-6.528,-7.524,-5.839,-5.573,-4.618,-4.098,-3.272,-2.968,-1.793,-1.538,-2.822,-3.757,-25.345,-3.18
pre-tax-income,169.359,155.216,125.676,230.4539,160.363,143.602,117.439,193.9,139.627,126.847,113.848,181.284,133.324,103.172,86.413,161.491,116.923,102.047,82.963,159.386,111.836,97.398,76.384,144.904,97.796,90.873,69.136,135.962,95.605,81.726,69.308,117.504,87.058,81.337,63.278,110.091,76.862,69.386,51.174,94.832,56.91,37.987,35.033,85.191,66.496,66.015,48.367,86.584,58.392,56.207,41.684,71.26,50.056,49.654,33.877,63.117,44.341,23.038,29.688
total-provision-income-taxes,39.964,28.056,13.871,49.268,33.71,32.134,24.135,116.924,34.677,25.267,21.382,43.508,31.992,23.584,20.739,38.14,28.062,24.49,19.912,38.214,26.84,23.376,18.333,34.742,23.47,21.811,16.592,31.329,23.422,20.022,16.981,23.222,18.862,21.149,16.451,29.239,14.781,18.039,13.306,25.394,15.365,10.256,1.154,22.267,13.772,17.164,10.088,23.31,14.62,15.176,11.254,19.24,3.016,14.897,10.162,18.925,18.723,4.727,8.907
income-after-taxes,,,,,,,,,,,,,,,,,,,,,,,,,,,,,,,,,,,,,,,,,,,,,,,,,,,,,,,,,,,
income-from-continuous-operations,,,,,,,,,,,,,,,,,,,,,,,,,,,,,,,,,,,,,,,,,,,,,,,,,,,,,,,,,,,
net-income,129.395,127.16,111.805,181.186,126.653,111.468,93.304,76.976,104.95,101.58,92.466,137.776,101.332,79.588,65.674,123.351,88.861,77.557,63.051,121.172,84.996,74.022,58.051,110.162,74.326,69.062,52.544,104.633,72.183,61.704,52.327,94.282,68.196,60.188,46.827,80.852,62.081,51.347,37.868,69.438,41.545,27.731,33.879,62.924,52.724,48.851,38.279,63.274,43.772,41.031,30.43,52.02,47.04,34.757,23.715,44.192,25.618,18.311,20.781
ebitda,206.173,187.364,157.608,248.9861,191.248,178.735,148.703,225.9409,170.241,155.359,134.499,198.629,160.086,137.071,110.135,190.3279,142.592,126.667,105.607,184.4178,135.295,121.402,99.373,173.7131,124.658,114.972,94.314,162.551,117.412,109.388,88.569,139.9948,107.033,102.003,81.161,132.7419,93.556,86.936,67.894,114.997,80.771,68.975,59.366,107.7651,83.715,82.9,65.6,102.5602,73.374,70.246,55.161,84.289,62.239,60.838,44.624,75.2791,57.256,57.837,42.329
ebit,183.886,165.415,135.619,227.745,170.109,157.316,127.811,205.2429,151.023,137.157,116.488,180.5269,142.588,120.422,93.589,174.197,126.505,110.676,89.778,168.6599,119.502,105.665,83.859,158.037,109.406,100.599,80.311,147.8219,104.025,95.7,75.595,126.6098,93.722,90.207,70.156,121.0878,82.093,76.353,57.066,104.1791,69.961,58.857,49.634,98.219,73.787,72.543,55.891,92.4231,63.965,60.825,45.782,74.532,53.024,51.447,35.415,65.9391,48.098,48.383,32.868
basic-shares-outstanding,24.487,24.698,24.851,25.216,25.126,25.299,25.468,25.714,25.613,25.751,25.932,26.518,26.375,26.631,26.931,27.681,27.548,27.844,28.115,28.891,28.732,29.075,29.37,29.946,29.818,30.12,30.3,31.045,30.846,31.268,31.532,31.898,31.76,31.998,32.291,33.28,33.171,33.536,33.757,33.716,33.729,33.69,33.631,34.25,33.857,34.471,35.119,37.025,36.65,37.454,38.065,40.066,39.795,40.535,41.051,42.208,41.786,42.357,43.139
shares-outstanding,24.88,25.118,25.311,25.781,25.683,25.867,26.096,26.394,26.304,26.44,26.586,27.024,26.889,27.143,27.421,28.27,28.113,28.46,28.763,29.571,29.409,29.751,30.088,30.728,30.58,30.85,31.102,31.824,31.599,32.039,32.387,32.839,32.664,33.014,33.292,34.14,34.027,34.396,34.533,34.291,34.414,34.193,33.996,35.049,34.728,35.321,35.994,37.953,37.597,38.409,38.932,40.786,40.456,41.238,41.774,43.285,42.894,43.439,44.389
eps-basic-net-earnings-per-share,5.28,5.15,4.5,7.22,5.04,4.41,3.66,3.01,4.1,3.94,3.57,5.22,3.84,2.99,2.44,4.49,3.23,2.79,2.24,4.22,2.96,2.55,1.98,3.71,2.49,2.29,1.73,3.4,2.34,1.97,1.66,2.97,2.15,1.88,1.45,2.46,1.87,1.53,1.12,2.06,1.23,0.82,1.01,1.85,1.56,1.42,1.09,1.73,1.19,1.1,0.8,1.31,1.18,0.86,0.58,1.06,0.61,0.43,0.48
eps-earnings-per-share-diluted,5.2,5.06,4.42,7.06,4.93,4.31,3.58,2.93,3.99,3.84,3.48,5.12,3.77,2.93,2.4,4.4,3.16,2.73,2.19,4.13,2.89,2.49,1.93,3.6,2.43,2.24,1.69,3.31,2.28,1.93,1.62,2.89,2.09,1.82,1.41,2.39,1.82,1.49,1.1,2.01,1.21,0.81,1.0,1.83,1.52,1.38,1.06,1.69,1.16,1.07,0.78,1.29,1.16,0.84,0.57,1.03,0.6,0.42,0.47
