,2019-09-30,2019-06-30,2019-03-31,2018-12-31,2018-09-30,2018-06-30,2018-03-31,2017-12-31,2017-09-30,2017-06-30,2017-03-31,2016-12-31,2016-09-30,2016-06-30,2016-03-31,2015-12-31,2015-09-30,2015-06-30,2015-03-31,2014-12-31,2014-09-30,2014-06-30,2014-03-31,2013-12-31,2013-09-30,2013-06-30,2013-03-31,2012-12-31,2012-09-30,2012-06-30,2012-03-31,2011-12-31,2011-09-30,2011-06-30,2011-03-31,2010-12-31,2010-09-30,2010-06-30,2010-03-31,2009-12-31,2009-09-30,2009-06-30,2009-03-31,2008-12-31,2008-09-30,2008-06-30,2008-03-31,2007-12-31,2007-09-30,2007-06-30,2007-03-31,2006-12-31,2006-09-30,2006-06-30,2006-03-31,2005-12-31,2005-09-30,2005-06-30,2005-03-31
revenue,69.445,70.692,60.634,51.942,49.529,47.731,44.83,41.611,36.58,32.455,30.59,25.6,24.677,29.17,25.094,21.45,19.814,21.457,20.816,16.3931,15.278,15.5511,16.3259,15.382,18.8221,17.509,16.456,18.814,15.1043,15.5238,12.8245,,8.6314,7.6537,5.9064,7.0678,7.307,7.0099,,5.6173,5.4206,5.0609,,6.0176,5.0899,13.6602,,4.6644,5.3523,5.9788,,3.8824,2.8648,3.6282,,2.9878,2.7997,4.2386,
cost-goods-sold,31.425,30.708,26.845,23.592,22.183,21.088,19.668,19.136,19.987,13.937,13.99,12.162,11.242,12.644,11.069,10.148,8.444,8.586,8.073,8.0844,6.931,6.6716,6.3351,5.3654,6.3836,5.9405,7.4735,6.5401,7.0134,7.8822,5.7346,,2.5112,1.9687,1.77,1.8614,1.8486,1.6375,,1.4278,1.2595,1.5882,,1.5726,1.4213,2.1714,,1.7305,1.4124,1.7143,,0.8049,0.915,0.993,,0.8176,0.8722,0.9734,
gross-profit,38.02,39.984,33.789,28.35,27.346,26.643,25.162,22.475,16.593,18.518,16.6,13.438,13.435,16.526,14.025,11.302,11.37,12.871,12.743,8.3087,8.347,8.8795,9.9908,10.0166,12.4385,11.5684,8.9825,12.2739,8.0909,7.6416,7.0898,,6.1201,5.685,4.1364,5.2064,5.4584,5.3724,,4.1895,4.1611,3.4726,,4.445,3.6687,11.4888,,2.9339,3.9399,4.2645,,3.0775,1.9499,2.6352,,2.1702,1.9275,3.2653,
research-development-expenses,5.427,5.231,3.62,3.152,3.601,5.78,3.288,3.069,2.001,1.86,1.742,2.04,1.886,1.89,1.539,1.43,1.49,1.252,1.568,1.3279,1.65,1.4301,1.201,1.4217,1.4295,2.3063,2.1834,2.3426,2.433,2.9057,2.8085,,3.0746,3.5175,3.7843,2.9302,3.1193,2.695,,3.8455,3.4788,3.383,,3.5792,2.4634,2.0841,,1.5918,1.154,2.1373,,1.6746,1.5831,1.2146,,1.2357,1.3246,1.1895,
selling-general-administrative-expenses,24.629,23.699,18.998,17.345,15.859,16.59,15.898,16.144,14.998,11.185,9.182,8.568,7.127,8.14,7.018,6.472,5.959,6.242,6.026,4.9736,4.471,4.3258,3.3836,3.3669,2.902,3.1239,3.3081,3.2537,3.1262,3.4182,3.4285,,2.4931,2.2891,2.4386,,1.8126,1.7882,,,1.8886,1.5174,,,1.5298,1.4466,,,2.1858,2.1421,,,1.4629,1.5416,,,1.2827,1.1955,
other-operating-income-expenses,,,,,,,,,,,,0.075,-0.675,-0.637,-2.005,-1.971,-0.233,-0.768,-1.111,-1.946,-0.01,-0.0177,-0.0983,-0.0445,-0.0651,-0.0354,0.054,-0.2669,-0.3439,0.0,0.3142,,,,,,,,,,,,,,,,,,40.17,,,,,,,,,,
operating-expenses,61.481,59.638,49.463,44.089,41.643,43.458,38.854,38.349,36.986,26.982,24.914,22.695,20.93,23.311,21.631,20.021,16.126,16.848,16.778,16.3318,13.062,12.4453,11.018,10.1985,10.7803,11.4062,12.911,12.4034,12.9166,14.2061,11.6574,,8.079,7.7753,7.9929,,6.7804,6.1208,,,6.627,6.4886,,,5.4144,5.7021,,,-35.4178,5.9938,,,3.9609,3.7492,,,3.4795,3.3584,
operating-income,7.964,11.054,11.171,7.853,7.886,4.273,5.976,3.262,-0.406,5.473,5.676,2.905,3.747,5.859,3.463,1.429,3.688,4.609,4.038,0.0613,2.216,3.1058,5.3079,5.1835,8.0418,6.1028,3.545,6.4106,2.1877,1.3177,1.1671,,0.5524,-0.1215,-2.0865,7.0678,0.5265,0.8891,,5.6173,-1.2064,-1.4277,,6.0176,-0.3245,7.9581,,4.6644,40.7701,-0.0149,,3.8824,-1.096,-0.121,,2.9878,-0.6798,0.8803,
total-non-operating-income-expense,-6.293,-1.435,-0.655,-0.983,-1.263,-0.906,-1.4,-1.713,-1.616,-1.819,-1.609,-1.339,-1.533,-0.487,-0.923,-0.234,-0.009,-0.258,0.16,0.1813,0.038,0.1374,0.0902,0.032,0.101,-0.0691,0.0771,0.0069,-0.3974,0.4605,0.1183,,0.0522,0.0659,0.0558,,0.0967,0.099,,,0.2267,0.3217,,,0.5161,0.5307,,,0.3659,0.2549,,,0.2327,0.2217,,,0.2123,1.306,
pre-tax-income,1.671,9.619,10.516,6.87,6.623,3.367,4.576,1.549,-2.022,3.654,4.067,1.566,2.214,5.372,2.54,1.195,3.679,4.351,4.198,0.2426,2.254,3.2432,5.3981,5.2155,8.1428,6.0337,3.6221,6.4175,1.7903,1.7782,1.2854,,0.6047,-0.0556,-2.0307,0.3759,0.6232,0.9881,,-1.1837,-0.9797,-1.106,,-0.0663,0.1916,8.4888,,-0.2419,41.1336,0.24,,-0.0197,-0.8633,0.1007,,,-0.4675,2.1863,
total-provision-income-taxes,0.012,1.524,2.463,1.233,1.829,0.629,1.128,-10.629,-6.691,-4.784,0.999,-3.463,1.059,1.5,0.915,0.93,1.141,0.739,1.268,0.6412,0.788,0.4178,1.121,1.8881,2.2545,1.4945,1.2838,-3.1356,-0.0162,0.2082,0.0589,,0.0,0.0,0.0,,0.0,,,-0.8348,,,,-0.0847,0.0495,0.21,,,0.8275,,,,,,,,,,
income-after-taxes,,,,,,,,,,,,,,,,,,,,,,,,,,,,,,,,,,,,,,,,,,,,,,,,,,,,,,,,,,,
income-from-continuous-operations,,,,,,,,,,,,,,,,,,,,,,,,,,,,,,,,,,,,,,,,,,,,,,,,,,,,,,,,,,,
net-income,1.659,8.095,8.053,5.637,4.794,2.738,3.448,12.178,4.669,8.438,3.068,5.029,1.155,3.872,1.625,0.265,2.538,3.612,2.93,-0.3985,1.466,2.8254,4.2771,3.3273,5.8883,4.5392,2.3382,9.5531,1.8065,1.57,1.2265,,0.6047,-0.0556,-2.0307,0.3759,0.6232,0.9881,,-0.3489,-0.9797,-1.106,,0.0184,0.1421,8.2788,,-0.2419,40.3061,0.24,,-0.0197,-0.8633,0.1007,,-0.2023,-0.4675,2.1863,
ebitda,13.702,15.894,15.384,11.856,11.767,8.207,9.936,7.395,2.69,7.169,7.258,4.395,5.126,7.174,4.613,2.574,4.842,5.754,5.188,1.1163,3.3256,4.0688,6.2003,6.0263,8.804,6.7928,4.3639,7.3264,3.0836,2.1902,1.9915,,0.9583,0.2848,-1.6862,7.5328,0.9337,0.8891,,5.957,-0.876,-1.4277,,6.2976,-0.0633,7.9581,,4.8719,40.9704,-0.0149,,4.015,-0.9685,-0.121,,3.0712,-0.5862,0.8803,
ebit,7.964,11.054,11.171,7.853,7.886,4.273,5.976,3.262,-0.406,5.473,5.676,2.905,3.747,5.859,3.463,1.429,3.688,4.609,4.038,0.0613,2.216,3.1058,5.3079,5.1835,8.0418,6.1028,3.545,6.4106,2.1877,1.3177,1.1671,,0.5524,-0.1215,-2.0865,,0.5265,0.8891,,,-1.2064,-1.4277,,,-0.3245,7.9581,,,40.7701,-0.0149,,,-1.096,-0.121,,,-0.6798,0.8803,
basic-shares-outstanding,50.852,46.367,43.968,43.767,43.822,43.743,43.621,38.234,41.237,34.098,33.892,33.573,33.779,33.649,33.025,32.882,32.925,32.87,32.755,32.498,32.677,32.2337,31.9628,31.667,31.858,31.6437,31.241,30.9144,30.948,30.845,30.73,,30.797,30.812,30.792,30.787,30.78,30.768,,30.759,30.746,30.742,,30.809,31.173,31.1526,,30.954,30.767,30.564,,30.377,30.364,30.358,,30.105,30.098,30.094,
shares-outstanding,51.809,49.056,46.279,45.471,45.828,45.016,44.327,39.15,42.563,35.095,34.382,34.099,34.313,34.175,33.494,33.577,33.69,33.671,33.451,33.264,33.327,33.0764,32.831,32.407,32.552,32.3172,31.855,31.2534,31.256,31.149,31.01,,30.934,30.812,30.792,31.005,30.92,30.926,,30.759,30.746,30.742,,31.025,31.556,31.5851,,30.954,31.224,31.127,,30.376,30.364,30.826,,30.105,30.098,30.399,
eps-basic-net-earnings-per-share,0.03,0.17,0.18,0.13,0.11,0.06,0.08,0.29,0.11,0.25,0.09,0.15,0.03,0.12,0.05,,0.08,0.11,0.09,-0.01,0.04,0.09,0.13,0.12,0.18,0.14,0.07,0.31,0.06,0.05,0.04,,0.02,0.0,-0.07,0.01,0.02,0.03,,-0.01,-0.03,-0.04,,,0.0046,0.27,,-0.01,1.31,0.01,,,-0.03,0.0033,,-0.01,-0.02,0.07,
eps-earnings-per-share-diluted,0.03,0.17,0.17,0.13,0.1,0.06,0.08,0.28,0.11,0.24,0.09,0.15,0.03,0.11,0.05,0.0,0.08,0.11,0.09,-0.01,0.04,0.09,0.13,0.11,0.18,0.14,0.07,0.3,0.06,0.05,0.04,0.0,0.02,0.0,-0.07,0.01,0.02,0.03,0.0,-0.01,-0.03,-0.04,0.0,0.0,0.0045,0.26,0.0,-0.01,1.29,0.01,0.0,0.0,-0.03,0.0033,0.0,-0.01,-0.02,0.07,0.0
