,2019-06-30,2019-03-31,2018-12-31,2018-09-30,2018-06-30,2018-03-31,2017-12-31,2017-09-30,2017-06-30,2017-03-31,2016-12-31,2016-09-30,2016-06-30,2016-03-31,2015-12-31,2015-09-30,2015-06-30,2015-03-31,2014-12-31,2014-09-30,2014-06-30,2014-03-31,2013-12-31,2013-09-30,2013-06-30,2013-03-31,2012-12-31,2012-09-30,2012-06-30,2012-03-31,2011-12-31,2011-09-30,2011-06-30,2011-03-31,2010-12-31,2010-09-30,2010-06-30,2010-03-31,2009-12-31,2009-09-30,2009-06-30,2009-03-31,2008-12-31,2008-09-30,2008-06-30,2008-03-31,2007-12-31,2007-09-30,2007-06-30,2007-03-31,2006-12-31,2006-09-30,2006-06-30,2006-03-31,2005-12-31,2005-09-30,2005-06-30,2005-03-31
revenue,24.344,22.676,22.241,23.038,22.227,19.058,17.013,20.058,17.79,17.503,17.761,18.154,19.972,16.699,16.541,17.364,15.914,14.415,14.205,15.336,14.616,13.604,13.883,14.297,14.289,13.695,13.851,13.843,13.959,12.21,11.916,13.901,12.999,13.334,12.522,15.549,18.608,18.36,17.381,19.207,18.186,20.925,63.216,23.239,24.276,25.707,23.829,21.3,17.762,17.362,16.74,17.573,18.139,17.707,16.465,16.089,16.518,15.705
cost-goods-sold,3.364,3.093,3.523,4.089,4.104,2.913,2.891,3.318,2.914,2.562,2.628,2.839,2.777,2.926,2.366,2.588,2.174,1.955,1.902,2.279,2.037,1.696,2.004,2.004,1.99,1.945,1.959,1.962,2.251,1.615,1.59,2.036,1.302,1.849,1.563,2.605,2.388,2.475,1.957,2.167,1.988,1.838,1.515,1.767,1.773,2.154,2.782,2.189,1.217,1.092,1.086,0.958,0.891,0.869,0.681,0.762,0.743,0.73
gross-profit,20.98,19.583,18.718,18.949,18.123,16.145,14.122,16.74,14.876,14.941,15.133,15.315,17.195,13.773,14.175,14.776,13.74,12.46,12.303,13.057,12.579,11.908,11.879,12.293,12.299,11.75,11.892,11.881,11.708,10.595,10.326,11.865,11.697,11.485,10.959,12.944,16.22,15.885,15.424,17.04,16.198,19.087,61.701,21.472,22.503,23.553,21.047,19.111,16.545,16.27,15.654,16.615,17.248,16.838,15.784,15.327,15.775,14.975
research-development-expenses,13.321,13.555,11.486,12.59,9.778,10.774,7.831,9.712,7.927,8.208,5.97,5.303,4.693,4.868,3.634,8.729,3.86,,3.576,4.062,3.655,4.134,3.699,3.934,4.009,3.774,3.362,3.49,3.503,3.512,3.638,3.793,3.907,3.8,2.505,9.808,8.865,9.348,8.042,8.898,7.627,8.484,9.353,10.89,10.511,10.37,8.727,11.341,6.2,5.717,5.207,5.457,5.281,5.06,4.593,4.333,4.494,3.89
selling-general-administrative-expenses,5.939,4.876,5.949,6.506,5.977,6.44,5.188,5.308,5.232,5.076,4.862,5.016,4.483,4.853,3.648,-0.885,3.872,8.377,3.542,2.955,3.591,4.294,3.851,2.307,4.052,3.847,3.653,3.753,3.412,3.394,3.466,4.132,3.533,3.473,3.724,4.784,4.944,4.109,4.614,4.204,3.91,4.403,4.683,5.257,4.808,6.002,4.749,6.01,2.827,2.468,2.338,1.991,2.504,2.825,2.611,2.16,2.133,1.956
other-operating-income-expenses,-0.104,0.317,0.035,-1.681,-0.106,2.23,-1.118,-0.676,0.629,0.611,-0.437,-0.436,-0.555,-0.392,-0.109,,,,,,,,,,,,,,,,,,,,,-2.631,-0.191,-2.074,,,,,,,,,,,,,,,,,,,,
operating-expenses,23.327,21.811,21.529,25.479,28.477,18.533,17.646,19.643,16.047,15.826,14.493,14.071,13.375,14.459,12.602,13.098,10.057,10.483,9.171,9.902,9.283,10.124,9.554,8.721,10.051,9.566,8.974,9.205,9.166,8.521,8.694,10.968,8.742,9.122,8.401,33.638,16.388,19.312,14.613,15.234,13.525,14.725,20.549,17.914,17.092,18.526,16.258,35.113,10.244,9.277,8.631,8.406,8.676,8.754,7.885,9.742,7.37,36.853
operating-income,1.017,0.865,0.712,-2.441,-6.25,0.525,-0.633,0.415,1.743,1.677,3.268,4.083,6.597,2.24,3.939,4.266,5.857,3.932,5.034,5.434,5.333,3.48,4.329,5.576,4.238,4.129,4.877,4.638,4.793,3.689,3.222,2.933,4.257,4.212,4.121,-18.089,2.22,-0.952,2.768,3.973,4.661,6.2,42.667,5.325,7.184,7.181,7.571,-13.813,7.518,8.085,8.109,9.167,9.463,8.953,8.58,6.347,9.148,-21.148
total-non-operating-income-expense,0.189,0.235,0.422,0.411,0.955,-0.211,0.112,-0.223,-0.49,-0.116,0.759,0.017,0.263,-0.057,-0.134,-1.493,-0.004,0.599,0.05,-1.132,0.07,0.191,0.767,0.021,0.062,0.209,1.248,0.178,0.139,-0.499,0.146,0.129,0.318,0.375,0.184,-5.149,-2.038,0.284,0.297,0.227,0.794,0.417,0.585,-3.899,0.626,1.184,1.72,1.067,1.201,1.172,1.329,1.271,1.102,-3.699,0.728,0.609,0.469,0.315
pre-tax-income,1.206,1.1,1.134,-2.03,-5.295,0.314,-0.521,0.192,1.253,1.561,4.027,4.1,6.86,2.183,3.805,2.773,5.853,4.531,5.084,4.302,5.403,3.671,5.096,5.597,4.3,4.338,6.125,4.816,4.932,3.19,3.368,3.062,4.575,4.587,4.305,-23.238,0.182,-0.668,3.065,4.2,5.455,6.617,43.252,1.426,7.81,8.365,9.291,-12.746,8.719,9.257,9.438,10.438,10.565,5.254,9.308,6.956,9.617,-20.833
total-provision-income-taxes,-0.26,-0.162,-0.176,-0.277,-2.613,-1.22,1.035,-0.208,0.533,1.055,1.727,1.523,2.926,1.362,1.152,1.415,1.929,1.48,1.47,1.858,1.729,1.212,1.466,1.864,1.122,0.918,1.877,1.962,1.758,1.244,1.213,0.872,1.524,1.763,1.445,-1.575,1.098,-0.241,1.148,1.49,1.916,2.401,16.167,2.24,3.01,3.258,3.645,1.161,3.132,3.582,3.446,4.145,4.207,3.789,3.09,2.163,3.522,3.538
income-after-taxes,,,,,,,,,,,,,,,,,,,,,,,,,,,,,,,,,,,,,,,,,,,,,,,,,,,,,,,,,,
income-from-continuous-operations,1.466,1.262,1.31,-1.753,-2.682,1.534,-1.556,0.4,0.72,0.506,2.3,2.577,3.934,0.821,2.653,1.358,3.924,3.051,3.614,2.444,3.674,2.459,3.63,3.733,3.178,3.42,4.248,2.854,3.174,1.946,2.155,2.19,3.051,2.824,2.86,-21.663,-0.916,-0.427,1.917,2.71,3.539,4.216,27.085,-0.814,4.8,5.107,5.646,-13.907,5.587,5.675,5.992,6.293,6.358,1.465,6.218,4.793,6.095,-24.371
income-from-discontinued-operations,,,,,,,,,,,,,,,,,,,,-0.1,-0.076,,,-0.047,-0.047,0.682,,-0.114,-0.112,-0.223,0.551,-20.855,0.791,-0.336,-9.031,,,,,,,,,,,,,,,,,,,,,,,
net-income,1.466,1.262,1.31,-1.753,-2.682,1.534,-1.556,0.4,0.72,0.506,2.3,2.577,3.934,0.821,2.653,1.358,3.924,3.051,3.614,2.344,3.598,2.459,3.63,3.686,3.131,4.102,4.248,2.74,3.062,1.723,2.706,-18.665,3.842,2.488,-6.171,-21.663,-0.916,-0.427,1.917,2.71,3.539,4.216,27.085,-0.814,4.8,5.107,5.646,-13.907,5.587,5.675,5.992,6.293,6.358,1.465,6.218,4.793,6.095,-24.371
ebitda,2.904,2.684,2.468,-0.721,-4.645,2.111,0.887,2.391,3.139,3.005,4.55,5.253,8.003,3.628,4.848,4.988,6.551,4.638,5.717,6.095,6.007,4.163,5.026,6.288,4.966,4.853,5.599,5.353,5.527,4.431,3.991,3.72,5.066,5.044,4.945,-20.392,4.351,1.189,4.547,5.568,6.049,7.559,44.376,6.929,8.726,8.688,9.059,-12.556,8.12,8.623,8.538,9.558,9.49,9.833,9.458,7.331,9.963,-20.21
ebit,1.017,0.865,0.712,-2.441,-6.25,0.525,-0.633,0.415,1.743,1.677,3.268,4.083,6.597,2.24,3.939,4.266,5.857,3.932,5.034,5.434,5.333,3.48,4.329,5.576,4.238,4.129,4.877,4.638,4.793,3.689,3.222,2.933,4.257,4.212,4.121,-18.089,2.22,-0.952,2.768,3.973,4.661,6.2,42.667,5.325,7.184,7.181,7.571,-13.813,7.518,8.085,8.109,9.167,9.463,8.953,8.58,6.347,9.148,-21.148
basic-shares-outstanding,13.394,13.39,13.367,13.157,13.203,13.102,13.064,13.153,13.155,13.22,13.2,12.998,12.995,12.969,12.966,13.029,13.002,12.944,13.225,13.632,13.585,13.538,13.756,14.464,14.413,14.622,14.655,17.318,17.528,17.519,17.476,17.419,17.437,17.407,17.383,17.374,17.36,17.369,17.396,17.435,17.356,17.32,17.683,18.026,18.073,18.102,18.015,18.033,17.815,18.017,18.456,18.527,18.57,18.481,18.436,18.131,18.322,18.135
shares-outstanding,13.726,13.785,13.827,13.157,13.203,13.465,13.064,13.389,13.385,13.428,13.446,13.219,13.284,13.19,13.186,13.289,13.279,13.207,13.423,13.876,13.813,13.824,14.009,14.731,14.739,14.914,14.863,17.431,17.647,17.632,17.528,17.462,17.529,17.471,17.397,17.374,17.36,17.369,17.44,17.469,17.379,17.349,17.747,18.33,18.322,18.428,18.428,18.217,17.968,18.133,18.556,18.719,18.725,18.649,18.643,18.131,18.928,18.135
eps-basic-net-earnings-per-share,0.11,0.09,0.1,-0.14,-0.2,0.12,-0.12,0.04,0.05,0.04,0.17,0.21,0.3,0.06,0.2,0.11,0.3,0.24,0.27,0.18,0.26,0.18,0.26,0.26,0.22,0.28,0.29,0.17,0.17,0.1,0.15,-1.06,0.22,0.14,-0.36,-1.25,-0.05,-0.02,0.11,0.18,0.2,0.24,1.53,-0.04,0.27,0.28,0.31,-0.75,0.31,0.31,0.32,0.34,0.34,0.08,0.34,-2.42,0.33,1.34
eps-earnings-per-share-diluted,0.11,0.09,0.09,-0.13,-0.2,0.11,-0.12,0.03,0.05,0.04,0.17,0.2,0.3,0.06,0.2,0.1,0.3,0.23,0.27,0.17,0.26,0.18,0.26,0.25,0.21,0.28,0.29,0.17,0.17,0.1,0.15,-1.07,0.22,0.14,-0.35,-1.25,-0.05,-0.02,0.11,0.18,0.2,0.24,1.53,-0.05,0.26,0.28,0.31,-0.76,0.31,0.31,0.32,0.34,0.34,0.08,0.33,-2.4,0.32,1.34
